1887 3083
173 138 210 179 vi
638 141 706 183 M.
737 142 947 184 TULLII
979 142 1303 186 CICERONIS

172 247 403 302 imperavit.
448 248 562 291 Cum
577 261 713 291 autem
729 251 916 306 princeps
930 252 1170 294 Academiae
1189 255 1309 296 Philo
1324 269 1420 297 cum
1435 254 1758 298 Atheniensium

172 305 443 359 optimatibus
457 318 618 362 propter
631 307 780 348 bellum
799 308 1132 351 Mithridaticum
1148 313 1323 353 Romam
1343 310 1603 368 profugisset,
1619 323 1705 355 tum
1720 312 1758 354 ei

173 376 214 401 se
229 362 376 404 Cicero
389 363 568 415 tradidit,
584 364 811 406 admirabili
825 367 1004 421 quodam
1017 367 1064 408 ad
1079 368 1386 422 Philosophiam
1401 370 1533 410 studio
1545 369 1755 413 incitatus,

525 454 740 496 ANNUS
774 455 949 497 URBIS
982 455 1276 498 CONDITAE
1299 461 1395 500 666.

173 544 267 582 Coss.
287 543 348 581 Cn.
369 545 533 593 Octavio,
562 544 604 580 L.
627 544 792 581 Cornelio
815 543 941 589 Cinnd,
972 554 1055 583 ante
1076 546 1250 583 Christum
1271 549 1330 583 86.
1352 547 1536 586 Ciceronis
1551 552 1754 599 vigesimus.

231 629 346 673 Cum
370 629 510 670 Cinna
529 629 776 685 perniciosas
795 629 902 687 leges
924 646 993 686 per
1022 630 1106 672 vim
1139 630 1272 683 ferret,
1306 632 1405 674 urbe
1427 634 1451 674 a
1475 634 1558 676 Cn.
1581 635 1756 678 Octavio

170 685 328 736 collega
345 685 502 743 pulsus,
517 687 698 742 corrupit
711 687 933 729 exercitum
950 688 1077 743 Appii
1095 688 1276 735 Claudii,
1295 704 1416 745 quem
1433 691 1475 731 in
1490 706 1606 732 suam
1618 702 1756 747 potes-

170 740 298 793 tatem
317 743 483 800 redegit.
544 744 689 795 Reduig
709 743 847 786 statim
865 759 913 786 ex
929 744 1077 787 Africa
1094 745 1127 786 ei
1146 745 1308 788 Marius
1323 762 1363 787 se
1377 747 1563 804 adjunxit
1576 764 1672 791 cum
1689 765 1758 791 sex

168 801 472 854 Hetruscorum
489 800 702 850 millibus;
735 813 855 858 atque
875 801 932 842 ita
949 801 1028 843 isto
1049 802 1214 858 agmine
1236 803 1380 844 urbem
1403 804 1606 856 obsident,
1629 816 1667 848 et
1688 805 1755 848 in-

166 857 348 911 vadunt3
371 873 496 915 quam
512 868 674 913 captam
692 858 875 900 caedibus
892 871 931 900 et
948 860 1099 915 rapinis
1117 868 1330 901 vastavere.
1382 861 1578 903 Octavius
1595 863 1757 906 Consul

168 914 302 971 capite
315 925 540 957 truncatur.
566 915 756 971 Catulus,
773 916 843 958 M.
859 916 1086 971 Antonius,
1107 916 1159 959 C.
1176 916 1328 968 Julius,
1347 916 1541 960 Oratores
1554 932 1756 976 praestan-

166 971 317 1014 tissimi
336 971 635 1015 interficiuntur
651 990 661 1014 z
680 974 746 1015 M.
766 972 944 1019 Antonii
958 983 1077 1029 caput
1093 973 1133 1014 in
1154 973 1202 1015 iis
1219 973 1316 1029 ipsis
1330 975 1470 1018 rostris
1482 977 1714 1032 exponitur,
1732 979 1758 1020 ἐι

174 1078 178 1081 Δ
197 1045 250 1071 uo
280 1041 395 1072 erant
423 1028 652 1072 multorum
689 1029 845 1072 civium
881 1031 1015 1086 capita
1049 1041 1298 1086 eonservata.
1359 1032 1457 1073 Hoc
1477 1048 1586 1074 anno
1608 1034 1757 1076 Cicero

165 1044 333 1134 {doloni
357 1086 519 1141 Rhodio
540 1088 689 1130 Romae
708 1103 877 1144 operam
896 1087 1022 1152 dedit,
1054 1097 1093 1142 et
1113 1088 1238 1129 actori
1262 1103 1428 1130 summo
1460 1105 1691 1143 causarum,
1718 1102 1760 1139 et

165 1144 380 1202 magistro,
402 1153 447 1186 ut
463 1144 520 1186 ait
538 1144 582 1186 in
603 1145 743 1187 Bruto.
797 1145 910 1188 Cum
933 1144 999 1186 ille
1015 1144 1166 1187 videre-t
1184 1145 1430 1191 Ciceronem
1444 1156 1588 1191 natum
1603 1148 1652 1190 ad
1669 1147 1755 1190 elo-

165 1201 394 1258 quentiam,
427 1200 582 1253 mirum
601 1213 663 1244 est
681 1204 887 1260 quantum
905 1201 966 1244 vir
985 1212 1122 1244 tantus
1143 1203 1228 1261 ejus
1251 1202 1385 1244 studia
1405 1203 1571 1246 acuerit.
1634 1205 1758 1249 Circa

163 1258 246 1307 hoc
263 1269 425 1315 tempus
442 1258 589 1300 Cicero
603 1260 837 1302 adolescens
852 1259 1174 1302 commentarios
1188 1259 1430 1303 Rhetoricos
1446 1261 1496 1303 de
1512 1262 1757 1305 Inventione

166 1315 383 1359 inchoatos
402 1324 443 1358 et
461 1316 579 1358 rudes
599 1316 741 1370 edidit,
773 1326 819 1359 ut
844 1316 929 1373 ipse
949 1316 1069 1359 initio
1087 1317 1182 1360 libri
1209 1327 1245 1360 1.
1269 1318 1319 1359 de
1337 1318 1454 1378 Orat3
1480 1317 1698 1381 significat.
1741 1317 1744 1319 ’

523 1408 740 1453 ANNUS
774 1409 949 1452 URBIS
983 1408 1276 1460 CONDITAE
1297 1413 1396 1456 667.

228 1504 324 1543 Coss,
350 1503 388 1540 C.
409 1502 545 1540 Mario
569 1501 648 1539 VII.
675 1501 718 1538 L.
740 1501 907 1538 Cornelio
928 1499 1055 1543 Cinna,
1087 1508 1170 1536 ante
1191 1500 1369 1536 Christum
1387 1504 1447 1536 85.
1505 1500 1687 1537 Ciceronis

786 1555 979 1603 vigesimus
988 1554 1141 1602 primus.

87 1682 90 1686 ,
219 1642 369 1683 Romae
392 1639 531 1682 Cinna
552 1648 590 1680 et
610 1637 773 1680 Marius
796 1637 882 1679 sine
903 1634 1084 1679 comitiis
1105 1635 1345 1691 semetipsos
1363 1635 1406 1676 in
1423 1645 1658 1692 sequentem
1677 1651 1752 1690 anf-

108 1738 110 1740 .
160 1714 265 1742 num
303 1698 508 1741 Consules
543 1696 824 1754 designarunt.
884 1694 1047 1736 Marius
1078 1703 1171 1749 post
1198 1693 1329 1735 multa
1361 1693 1574 1736 crudeliter
1598 1704 1691 1738 acta
1704 1693 1754 1736 in

161 1755 324 1800 civitate
341 1754 505 1797 decimo
521 1763 633 1796 sexto
647 1751 709 1794 sui
733 1751 970 1794 consulatus
988 1751 1052 1793 die
1074 1760 1262 1795 mortuus
1277 1761 1351 1792 est.
1386 1749 1524 1792 Cinna
1537 1750 1753 1796 Valerium

161 1812 238 1857 sibi
261 1812 461 1869 collegam
481 1809 706 1861 substituit,
728 1824 851 1865 quem
866 1808 981 1850 misit
1001 1807 1042 1850 in
1067 1807 1232 1859 Asiam,
1252 1818 1298 1850 ut
1314 1823 1387 1863 pro
1405 1807 1619 1864 Syllajam
1636 1808 1753 1858 hoste

160 1869 365 1911 declarato
381 1868 604 1924 provinciae
627 1876 832 1924 praeesset,
867 1881 912 1908 ac
933 1865 1088 1907 bellurn
1111 1877 1254 1907 contra
1273 1865 1562 1921 Mithridatem
1584 1874 1752 1922 gereret.

160 1928 323 1970 Verum
343 1927 379 1968 ei
401 1926 539 1968 clausa
558 1936 617 1968 est
648 1924 768 1977 Asia,
805 1934 845 1965 et
876 1925 900 1965 a
932 1922 1119 1965 Fimbria
1149 1938 1223 1963 suo
1254 1923 1387 1980 legato
1419 1937 1529 1964 anno
1560 1932 1753 1978 sequente

158 1983 396 2028 interfectus
416 1995 490 2027 est.

519 2074 735 2117 ANNUS
767 2072 942 2115 URBIS
977 2070 1270 2113 CONDITAE
1292 2075 1390 2113 668.

188 2171 281 2209 Coss.
292 2169 341 2206 ·L.
362 2167 528 2205 Cornelio
545 2165 672 2210 Cimini,
705 2166 766 2202 Cn.
781 2165 936 2213 Papirio
953 2162 1124 2204 Carbone,
1144 2170 1225 2198 ante
1246 2162 1430 2198 Christum
1451 2165 1510 2198 84.
1542 2163 1727 2201 Ciceronis

363 2222 366 2225 ’
443 2225 445 2227 ’
757 2218 950 2266 vigesimus
968 2215 1149 2252 secundus.

219 2310 333 2352 Cum
357 2306 499 2350 Cinna
519 2306 669 2347 Romae
690 2316 905 2343 summum
927 2299 1094 2342 haberet
1110 2298 1347 2354 imperium,
1381 2314 1421 2340 se
1441 2299 1608 2342 tertium
1630 2300 1748 2344 Con.-

162 2368 292 2411 sulem
316 2364 479 2415 creavit,
504 2370 713 2415 assumpto
730 2358 805 2413 sibi
824 2357 979 2414 collega
999 2357 1191 2399 Carbone
1204 2371 1277 2412 pro
1293 2355 1474 2408 Valerio,
1497 2357 1568 2414 qui
1587 2357 1750 2408 occisus

160 2435 234 2469 est.
269 2421 453 2465 Fimbria
468 2417 751 2461 crudelissime.
768 2415 901 2457 saeviit
913 2415 957 2455 in
970 2414 1076 2456 Asia
1089 2424 1231 2455 contra
1243 2413 1428 2465 Ilienses,
1442 2413 1513 2471 qui
1527 2413 1575 2455 ad
1590 2413 1751 2470 Syllam

159 2482 455 2537 confugerant:
474 2490 571 2518 nam
587 2470 728 2516 eorum
747 2473 891 2514 urbem
909 2470 1093 2514 caedibus
1108 2470 1288 2526 replevit.
1321 2470 1447 2525 Sylla,
1465 2470 1750 2517 deficientibus

159 2539 282 2582 rebus
301 2534 498 2579 omnibus
519 2533 568 2575 ad
588 2528 767 2583 bellum,¹
784 2530 914 2585 hostis
930 2531 955 2571 a
976 2528 1128 2585 populo
1149 2530 1341 2571 Romano
1355 2527 1580 2590 judicatuS,
1599 2543 1750 2592 pacem

158 2612 257 2644 cum
278 2592 523 2636 Mithridate
544 2589 675 2632 facere
690 2590 856 2643 coactus
872 2596 930 2628 est
948 2603 956 2628 z
979 2597 1101 2642 atque
1113 2586 1170 2628 ita
1186 2584 1319 2641 primo
1336 2584 1443 2626 bello
1459 2585 1749 2628 Mithridatico

157 2652 253 2696 finis
270 2650 503 2707 impositus,
529 2647 574 2689 in
590 2662 673 2704 quo
686 2647 711 2687 a
728 2645 843 2702 Sylla
860 2654 1027 2686 centum
1045 2642 1256 2701 sexaginta
1271 2641 1453 2685 hostium
1470 2641 1602 2684 millia
1618 2641 1747 2688 inter-

156 2711 264 2752 fecta
279 2718 396 2752 sunt:
418 2707 524 2749 inita
536 2704 617 2746 hac
632 2718 748 2761 pace,
765 2698 914 2744 contra'
924 2699 1152 2744 Fimbriam
1165 2699 1278 2756 Sylla
1287 2698 1491 2755 profectus
1502 2707 1577 2750 est,
1591 2697 1744 2763 quide-

157 2778 289 2809 sertus
316 2767 342 2809 a
369 2764 453 2809 suis
480 2761 683 2808 militibus
716 2759 881 2804 sibimet
898 2758 1095 2805 violentas
1115 2772 1265 2811 manus
1281 2756 1325 2800 in
1343 2756 1496 2814 templo
1513 2755 1745 2812 AEseulapn

156 2823 313 2868 mtulit.
1528 2869 1743 2914 ANNUS
