1872 3135
85 172 135 211 16

553 173 622 215 M.
655 171 861 215 TULLII
896 170 1220 215 CICERONIS

144 278 303 322 factura
330 279 401 323 sit.

1434 211 1452 218 s

462 282 572 324 Qua:
612 283 711 323 citm
752 278 904 343 cog-im,
933 280 1029 344 ῥεηιιι
1060 296 1173 322 nunc
1209 279 1350 331 timeo,
1382 279 1578 336 quidnam
1602 290 1681 337 pro

149 336 375 380 offensione
395 339 633 389 hominnm,
656 337 726 393 qui
751 326 835 378 illi
828 337 1005 388 inimici,
1022 337 1252 394 infensique
1269 349 1378 389 sunt,
1402 348 1440 379 et
1458 350 1674 394 exspecta-

148 395 262 437 tione
281 394 491 446 omnium,
513 406 552 436 et
573 394 858 458 magnitudine
880 410 1012 436 rerum
1035 395 1210 451 dignum
1231 395 1362 451 eloqui
1381 410 1549 459 possim.
1608 396 1677 437 Tu

28 464 33 467 ’
83 464 135 497 55
153 453 301 494 horum
321 453 425 494 nihil
445 453 611 503 metuis,
634 440 736 492 nihil
760 451 932 508 cogitas,
965 451 1067 493 nihil
1093 453 1281 494 laboras.

1312 463 1352 494 et
1372 468 1402 494 st
1421 452 1518 508 quid
1540 468 1586 493 ex
1608 468 1678 493 ve-

130 519 230 551 tere
246 509 384 565 aliqua
404 509 604 559 oratione,
625 510 827 551 JOVEM
847 510 970 551 EGO
1000 510 1292 551 OPTIMUM
1323 511 1642 553 MAXIMUM
1662 525 1674 550 ε

150 576 221 609 aut
250 568 513 618 VELLEM,
555 568 606 608 Sl
632 568 787 608 FIERI
822 566 1464 618 POTUISSET,JUD1CES,
1495 577 1565 609 aut
1596 567 1675 609 ali-

149 625 248 680 quid
269 624 471 687 ejusmodi
492 624 668 665 ediscere
689 623 883 679 potueris,
906 624 1102 679 praeclare
1125 633 1161 665 te
1181 635 1370 679 paratum
1401 624 1443 665 in
1469 623 1678 682 judicium

147 694 366 723 venturum
388 680 606 723 arbitraris.

666 683 734 723 Ac
767 697 798 723 st
832 681 908 723 tibi
940 696 1063 723 nemo
1094 696 1360 737 responsurus
1395 691 1515 732 esset,
1538 690 1679 722 tamen

84 738 277 792 6oipsam
297 754 480 790 causam,
503 749 548 781 ut
565 754 640 796 ego
655 738 843 790 arbitror,
866 740 1144 788 demonstrare
1162 754 1246 779 non
1265 754 1415 794 posses.

1475 740 1606 780 Nunc
1626 752 1680 779 ne

149 795 249 837 illud
270 795 436 853 quidem
456 797 628 854 cogitas,
653 796 725 838 tibi
746 812 841 838 cum
867 796 1037 837 homine
1056 796 1342 848 disertissimo,
1376 804 1416 838 et
1449 800 1498 839 ad
1534 796 1679 837 dicen-

147 854 246 895 dum
268 854 526 909 paratissimo
547 853 729 895 futurum
750 869 835 895 esse
852 863 1087 895 certamen:
1110 855 1124 877 d
1141 855 1309 910 quicum
1332 855 1458 896 modo
1475 853 1681 894 disseren-

148 911 267 962 dum,
287 912 413 968 modo
434 911 550 952 omni
572 911 755 953 oratione
778 911 1063 968 pugnandum,
1104 912 1425 974 certandumque
1458 911 1538 953 sit?
1588 912 1678 952 Cu-

144 969 215 1025 jus
250 984 325 1025 ego
361 968 576 1025 ingenium
615 969 671 1011 ita
707 970 841 1020 laudo,
877 980 918 1010 ut
940 985 1021 1010 non
1046 979 1360 1024 pertimescam:

86 1032 139 1071 65
155 1042 221 1068 me
236 1026 286 1068 ab
306 1041 354 1067 eo
375 1026 562 1069 delectari
586 1026 763 1078 facilius,
782 1028 910 1082 quarn
933 1026 1066 1081 decipi
1089 1035 1229 1080 putem
1254 1040 1386 1080 posse.

1395 968 1449 1009 ita
1469 968 1614 1023 probo,
1636 977 1684 1010 ut

1445 1027 1682 1082 Nunquam

153 1083 221 1125 ille
244 1099 311 1125 me
318 1083 535 1147 opprimet
550 1083 744 1126 consilio:
779 1099 992 1139 nunquam
1014 1083 1096 1124 ullo
1119 1083 1291 1124 artificio
1314 1092 1534 1139 perv:ertet
1567 1098 1682 1124 nun-

153 1156 279 1197 quam
317 1141 483 1197 ingenio
522 1157 590 1182 me
629 1157 702 1182 suo
737 1141 993 1205 labefactare,
1037 1153 1155 1196 atque
1191 1141 1398 1182 infirmare
1438 1139 1681 1203 conabitur:

152 1214 250 1241 novt
279 1214 439 1239 omneis
463 1199 643 1240 hominis
668 1199 899 1261 petitiones,
916 1200 1172 1254 rationesque
1193 1197 1385 1239 dicendi:

94 1302 98 1305 ,
152 1256 264 1308 dem,
287 1271 341 1297 sir
348 1272 394 1312 pe
416 1257 458 1298 in
479 1257 692 1320 contrariis
715 1272 845 1297 causxs
867 1256 1011 1297 versati
1045 1271 1198 1297 sumus.

1419 1212 1529 1254 saepe
1548 1196 1681 1239 iniis-

1260 1257 1323 1297 Ita
1351 1266 1494 1298 contra
1527 1270 1595 1297 me
1614 1254 1684 1297 ille

92 1314 277 1365 70dicet,
300 1313 488 1377 quamvis
511 1314 562 1355 sit
583 1313 836 1371 ingeniosus,
860 1324 905 1356 ut
924 1313 1176 1355 nonnullum
1196 1313 1321 1355 etiam
1342 1313 1391 1354 de
1412 1328 1488 1355 suo
1515 1312 1684 1370 ingenio

149 1371 358 1429 judiciuin
381 1370 466 1412 fieri
488 1372 717 1414 arbitretur.

211 1431 292 1471 XI.
324 1431 384 1471 Te
403 1431 510 1481 vero,
532 1430 694 1481 Ceeili,
713 1429 1065 1495 quemadmodum
1102 1427 1154 1470 sit
1187 1427 1300 1470 elusi
1289 1444 1388 1479 rus
1414 1443 1538 1484 quam
1561 1427 1685 1470 omni

155 1487 312 1529 ratione
334 1487 599 1543 jactaturus,
610 1487 778 1528 videre
762 1503 853 1544 jam
886 1487 1048 1528 videor:
1082 1486 1241 1548 quoties
1261 1486 1328 1527 ille
1347 1486 1420 1527 tibi
1439 1494 1685 1541 potestatem

157 1544 452 1600 optionemque
466 1544 645 1586 facturus
663 1544 729 1596 sit,
743 1555 786 1586 ut
799 1544 921 1600 eligas
939 1554 1077 1584 utrum
1098 1542 1192 1583 velis
1205 1542 1360 1585 factum
1377 1557 1479 1595 esse,
1496 1557 1682 1584 nec-ne·
1668 1575 1683 1596 ,

159 1618 301 1643 verum
320 1617 424 1653 esse,
447 1617 498 1642 an
519 1601 696 1643 falsum:

732 1611 869 1642 utrum
887 1600 1051 1650 dixeris,
1074 1599 1113 1642 id
1136 1612 1277 1642 contra
1295 1611 1333 1642 te
1354 1576 1565 1643 futuriim:
1583 1599 1688 1665 aqui

123 1659 235 1723 btibi
258 1670 396 1710 aestus,
414 1659 485 1715 qui
505 1675 628 1711 error,
644 1675 742 1723 quae
767 1657 959 1709 tenebrae,
980 1657 1056 1700 Dii
1078 1657 1347 1720 immortales,
1369 1667 1517 1709 erunt,
1521 1657 1686 1700 homini

161 1716 342 1759 minime
359 1717 524 1758 bmalo.
517 1719 530 1748 ³
567 1716 709 1780 Quid-‚³
745 1732 845 1757 cum
867 1714 1140 1757 accusationis
1176 1725 1256 1756 tuse
1284 1715 1475 1759 membra
1509 1714 1687 1757 dividere

162 1773 348 1830 coeperit,
366 1783 406 1815 et
419 1775 461 1816 in
478 1773 616 1826 divitis
637 1774 721 1815 suis
742 1774 924 1830 singulas
942 1772 1088 1828 parteis
1107 1787 1240 1814 causae
1259 1772 1502 1814 constituere
1522 1774 1534 1813 ?
1569 1772 1686 1828 quid,

161 1847 260 1874 cum
282 1833 609 1896 unumquodoue
630 1831 862 1888 transigere,
891 1829 1092 1885 expedire,
1125 1829 1330 1871 absolvere
1349 1831 1363 1870 ?
1398 1830 1481 1884 ipse
1502 1829 1688 1885 profecto

158 1899 338 1933 metuere
354 1905 541 1945 incipies,
564 1900 577 1916 Ε
598 1904 649 1931 ne
667 1887 879 1930 innocenti
898 1887 1124 1944 periculum
1144 1886 1364 1928 facesseris.

336 1980 354 2004 ‘³
366 1994 445 2018 cum
464 1994 542 2030 (μω.

752 1986 856 2032 aquoe
870 1995 888 2018 c
892 1989 997 2017 ontin-
1000 1980 1110 2017 butio.

1430 1887 1563 1940 Quid,
1582 1901 1684 1929 cum

1321 1979 1337 2003 ¹³
1354 1980 1506 2020 callido.

440 2039 455 2056 ε
472 2047 513 2070 ne
526 2028 711 2071 vocaveris
722 2035 937 2072 innocentem
955 2035 993 2070 in
1006 2033 1210 2084 periculum
1230 2033 1377 2084 capitis.

209 2137 263 2169 56.
289 2136 352 2178 Joi,
347 2147 398 2167 em
412 2147 466 2177 ego
481 2136 633 2176 optimum.
637 2135 650 2177 ]
675 2134 801 2166 Festive
817 2133 902 2166 ridet

994 2134 1021 2164 1.
1047 2131 1220 2172 Elusurus]
1247 2130 1478 2175 Metaphora,
1462 2143 1480 2164 a
1497 2130 1691 2175 gladiatori·

166 2181 355 2218 Caecilium3
379 2181 434 2222 qui
447 2188 513 2211 tam
524 2179 692 2221 imperitus
708 2190 740 2210 65
742 2187 755 2210 t
771 2181 904 2215 Orator,
947 2176 1006 2208 bus
1013 2185 1162 2227 sumpta,
1177 2177 1233 2220 qui
1250 2177 1313 2209 tela
1329 2184 1362 2208 et
1383 2177 1468 2208 ictus
1496 2184 1590 2208 motu
1620 2187 1692 2208 cor-

166 2232 202 2257 ut
219 2226 349 2268 aliquod
365 2225 481 2256 tritum
508 2233 538 2255 et
563 2223 640 2266 vulg
629 2234 696 2254 rare
725 2222 905 2255 causidicis

171 2277 214 2301 sit
223 2269 376 2301 allaturus
387 2268 564 2305 exordium,
571 2277 625 2299 aut
621 2253 698 2298 oab
690 2267 908 2304 invocatione,

168 2322 224 2345 aut
241 2326 259 2346 a
271 2313 442 2356 superioris
457 2312 612 2354 temporis
628 2312 884 2362 reprehensione.

213 2359 266 2389 61.
290 2357 518 2398 Dim-tissima]
544 2356 691 2388 Disertus
706 2364 764 2393 est,
780 2355 835 2398 qui
852 2365 907 2386 na-

169 2406 252 2441 tura,
266 2410 347 2440 arte,
363 2413 433 2439 usu,
450 2408 549 2442 atque
564 2401 793 2432 exercitatione
815 2410 910 2442 para-

170 2455 221 2478 tus
237 2455 283 2478 est
299 2447 339 2477 ad
356 2446 537 2477 dicendum.

215 2491 266 2523 6¹2.
290 2491 388 2521 Modo
417 2489 628 2525 disseaeenclam,
659 2489 744 2518 modo
768 2496 908 2528 pugnan-

170 2535 250 2565 dum.
253 2535 265 2574 ]
290 2535 453 2565 Disserere
469 2542 516 2565 est
532 2537 623 2564 acute
635 2543 670 2563 ac
683 2531 844 2563 subtiliter
860 2532 911 2563 di-

171 2590 243 2610 cere
259 2587 290 2610 et
307 2578 547 2619 argumentati-{3
571 2585 714 2619 pugnare
738 2578 829 2613 vero,
844 2576 911 2606 vim

172 2632 203 2656 et
215 2623 341 2666 copiam
354 2622 519 2654 Orationis
529 2631 683 2653 exercere.
699 2621 773 2651 Hoc
786 2628 911 2652 utrim-

173 2680 237 2711 que
253 2677 368 2699 munus
384 2667 515 2698 Oratori
533 2665 682 2697 convenit
699 2664 847 2695 maxime.

217 2713 270 2743 63.
295 2713 385 2748 Cujus
421 2711 582 2749 ingenium.
586 2710 598 2749 ]
647 2710 685 2740 Se
723 2719 832 2751 parem
859 2707 912 2740 h'ic

173 2755 352 2789 Hortensio
389 2737 504 2786 Cicero
543 2754 591 2796 sig
580 2753 714 2791 rnificat,
752 2763 826 2784 cum
849 2763 914 2795 quo

172 2812 254 2843 saepc
271 2799 346 2831 vel'
337 2809 370 2830 in
387 2798 552 2830 contrariis
570 2798 669 2829 causis
687 2804 829 2828 versatus
855 2806 914 2834 est,

173 2846 224 2877 vel
251 2846 283 2876 in
310 2843 447 2875 iisdem·
474 2853 545 2874 cum
569 2850 704 2884 uterque
721 2840 863 2873 defendit
879 2848 911 2873 et

173 2889 341 2923 accusavit

948 2221 1036 2264 poris
1053 2223 1189 2253 evitant.

993 2268 1024 2296 3.
1053 2265 1382 2307 Optionemfactwffus]
1409 2263 1566 2307 Pergitin
1580 2264 1692 2295 Meta·

950 2309 1064 2352 phora,
1081 2321 1156 2340 nam
1179 2310 1235 2351 qui
1262 2308 1481 2352 praevalebant
1504 2309 1536 2339 in
1567 2308 1695 2351 proelio,

952 2354 1139 2395 quaerebant
1155 2355 1194 2385 ab
1221 2353 1422 2392 adversariis,
1443 2363 1484 2384 an
1512 2362 1619 2395 supra,
1641 2352 1694 2384 vel

953 2398 1048 2435 intra,
1070 2399 1129 2429 ἃς.
1151 2398 1240 2430 feriri
1257 2398 1390 2430 vellent
1521 2405 1529 2411 ·

996 2445 1027 2472 ’7.
1053 2443 1096 2473 Et
1113 2443 1144 2472 in
1160 2443 1287 2483 digitis]
1314 2444 1363 2474 lta
1385 2440 1563 2482 insequitur
1589 2439 1694 2471 eaeci·

952 2486 989 2518 lii
1016 2487 1226 2528 imperitiam,
1244 2494 1281 2518 ut
1304 2487 1408 2517 rideat
1423 2486 1522 2516 etiam
1546 2485 1694 2515 Horten—

953 2532 1047 2568 sium,
1064 2530 1119 2572 qui
1134 2531 1288 2562 orationis
1303 2530 1496 2562 divisionem
1519 2528 1552 2560 in
1575 2527 1696 2570 digitos

956 2575 1126 2606 deductam
1143 2574 1290 2606 habebat.

1000 2619 1259 2659 s.Tu1nswere]
1297 2619 1334 2649 In
1357 2617 1519 2660 principio
1541 2614 1697 2648 orationis

922 2670 928 2674 ’
956 2662 1163 2704 transigimus
1181 2673 1256 2694 cum
1272 2661 1454 2694 adversario
1471 2660 1699 2703 distinguendo

957 2716 989 2738 et
1005 2707 1194 2749 explicando
1210 2707 1277 2748 ejus
1289 2715 1491 2749 argumenta.

1004 2751 1252 2792 1b.Erped1re]
1305 2751 1490 2791 Erpenimus
1529 2748 1563 2780 in
1588 2746 1698 2783 medio

959 2795 1123 2827 afferendo
1139 2802 1264 2826 nostras
1279 2793 1582 2843 argumentationes.

1003 2839 1047 2870 lb.
1067 2839 1175 2869 Absolv
1170 2849 1234 2869 ere.
1238 2840 1250 2879 ]
1275 2837 1509 2870 Absolvimus
1501 2847 1533 2868 m
1548 2835 1613 2868 fine
1627 2844 1697 2866 am-

957 2882 1130 2926 plificando
1143 2890 1174 2916 et
1191 2883 1411 2916 concludendo
1423 2881 1616 2913 orationem.

1399 2920 1698 2975 commiserari,
