1872 3140
106 136 190 174 442

523 139 526 141 ’
575 135 664 179 M.
694 132 902 178 TULLII
936 132 1261 176 CICERONIS

187 248 351 301 Galliae,
374 250 398 291 a
424 250 505 305 quii
533 251 608 291 nos
629 256 736 299 tum,
754 249 852 290 cum
875 247 1127 290 Consulatus
1147 247 1371 305 petebatur,
1410 261 1495 291 non
1525 247 1698 304 rogalia&

117 307 166 343 15
185 315 265 358 tur,
287 318 417 363 petere
440 305 715 348 Consulatum
737 304 984 356 solebamus,
1007 319 1103 346 cum
1125 303 1280 361 gallicis
1299 313 1337 346 et
1357 304 1518 348 lacerna
1548 319 1699 346 cucur-²

182 363 266 405 risti
275 396 285 406 .

345 365 403 405 At
434 363 563 404 videte
595 360 798 403 levitatem
828 361 1025 417 hominis.

1087 361 1203 404 Cfim
1222 362 1325 404 hora
1340 362 1416 404 diei
1431 362 1599 405 decima
1619 360 1701 402 fere

184 420 233 461 ad
270 421 376 462 Saxa
412 419 529 460 rubra
562 417 752 469 venisset,
787 416 946 460 delituit
975 417 1018 459 in
1040 419 1219 475 quadam
1241 420 1487 474 cauponula,
1508 428 1626 474 atque
1645 417 1703 460 ibi

184 491 227 518 se
243 477 468 527 occultans,
497 476 722 532 perpotavit
748 475 796 517 ad
820 489 1054 530 vesperum:
1087 475 1181 517 inde
1214 476 1313 517 cisio
1350 476 1528 518 celeriter
1554 477 1603 518 ad
1630 490 1702 517 ur·

184 533 281 575 bem
303 533 508 583 advectus,
530 533 703 575 domum
733 532 843 574 venit
876 531 1008 587 capite
1037 531 1236 574 involuto.

117 594 171 627 ΞΟ
188 592 228 632 Α
250 591 394 631 Marco
415 589 657 632 tabellarius.

1295 533 1470 585 Janitor,
1489 533 1597 576 Quis
1625 534 1700 574 tu?

719 589 950 631 Confestim
981 589 1029 630 ad
1068 604 1174 640 eam,
1211 589 1326 644 cujus
1366 593 1488 632 causa
1527 587 1703 642 venerat,

187 647 416 698 deducitur,
448 647 566 704 eique
598 646 812 703 epistolam
849 646 995 688 tradit:
1029 661 1155 702 quam
1193 647 1291 687 cum
1323 644 1390 687 illa
1419 646 1566 703 legeret
1605 647 1705 689 flens

191 708 295 755 (erat
314 703 427 745 enim
462 703 657 746 amatorie
698 703 874 758 scripta:
908 710 921 727 ⁰
939 712 1062 759 caput
1100 711 1235 745 autem
1269 702 1491 755 literarum,
1511 703 1588 746 sibi
1610 718 1707 746 cum

190 760 262 802 illa
290 762 424 804 mima
459 762 631 816 posthac
651 760 756 802 nihil
779 759 963 802 futurum
981 776 994 812 ;
1025 775 1196 801 omnem
1216 775 1256 801 se
1275 775 1457 803 amorem
1474 759 1673 817 abjecisse
1685 762 1709 787 ’ἃ

189 816 319 869 illinc,
338 829 458 874 atque
478 819 521 860 in
541 819 649 859 hanc
669 818 949 867 transfudisse)
972 818 1071 859 cum
1089 816 1236 859 mulier
1248 818 1357 860 fleret
1376 815 1556 869 uberius,
1579 817 1714 861 homo

121 876 172 911 25
190 873 418 917 misericors
450 875 548 917 ferre
585 890 670 916 non
704 875 864 931 potuit:
899 883 1022 928 caput
1045 873 1260 929 caperuit3
1294 874 1524 917 in‘colluin
1543 874 1708 917 invasit.

188 931 462 974 Ohominem
496 932 702 989 nequam!
740 931 858 989 (quid
893 930 1004 973 enim
1041 930 1149 972 aliud
1187 931 1349 974 dicam?
1383 931 1515 988 tnagis
1545 932 1730 988 proprie}¹

187 989 293 1031 nihil
332 1004 501 1044 possum
533 990 683 1043 dicere)
717 1004 812 1046 ergo
845 996 892 1030 ut
925 997 964 1030 te
995 988 1251 1039 catamitum,
1288 1004 1365 1031 nec
1399 989 1569 1044 opinato
1605 991 1710 1031 cum

187 1047 449 1098 ostendisses,
490 1056 633 1102 praeter
667 1061 781 1102 spem
808 1044 954 1088 mulier
983 1044 1192 1100 aspiceret,
1228 1046 1379 1088 idcirco
1398 1046 1543 1089 urbem
1562 1054 1714 1088 terrore

188 1114 407 1157 nocturno,
438 1103 602 1146 Italiam
630 1103 858 1146 multorum
896 1101 1054 1144 dierum
1087 1111 1201 1144 metu
1221 1102 1498 1158 perturbasti?
1541 1112 1580 1161 et
1597 1103 1712 1148 domi

122 1161 177 1196 30
191 1161 356 1217 quidem
394 1176 561 1204 causam
591 1159 742 1202 amoris
776 1160 970 1210 habuisti,
1007 1159 1105 1201 foris
1141 1160 1264 1201 etiam
1303 1161 1540 1217 turpiorem,
1570 1175 1624 1202 ne
1656 1161 1710 1203 L.

193 1218 368 1260 Plancus
390 1218 544 1274 praedes
563 1227 655 1259 tuos
676 1218 886 1260 venderet:
920 1216 1141 1272 productus
1160 1226 1297 1259 autem
1331 1217 1375 1259 in
1413 1216 1669 1274 concionem.
1685 1218 1712 1259 ὲ

190 1274 550 1331 Tribuno-plebiS,
572 1277 670 1316 cum
693 1273 983 1330 respondisses,
1004 1282 1042 1315 te
1062 1272 1117 1316 rei
1135 1282 1216 1315 tuae
1239 1276 1363 1316 causa
1381 1274 1554 1328 venisse,
1574 1289 1709 1332 popu-

191 1332 282 1374 lum
301 1332 315 1356 f
331 1332 373 1374 in
394 1342 433 1374 te
448 1331 632 1374 dicacem
654 1330 778 1373 etiam
799 1329 1020 1372 reddidisti.

361 1438 376 1456 ε
391 1434 540 1471 initium.
646 1432 661 1456 ‘¹-
684 1434 727 1477 αἶ)
746 1433 799 1470 cci.

240 1552 290 1581 16.
307 1550 380 1582 Diei
397 1550 603 1592 decinzfisere]
643 1551 781 1583 Romani
811 1559 935 1583 veteres

196 1594 283 1626 diem
299 1595 332 1625 in
348 1595 442 1625 horas
456 1596 635 1632 duodecim,
647 1605 678 1627 et
694 1604 822 1627 noctem
835 1596 866 1626 in
884 1604 934 1626 to-

197 1639 298 1670 tidem
310 1638 491 1671 dividebant
503 1652 509 1670 :
536 1650 633 1681 quare
646 1640 738 1670 horas
754 1640 933 1682 inaequales,

199 1691 232 1714 et
255 1690 364 1713 aestate
383 1683 513 1724 quidem
530 1684 657 1714 diurnas
673 1683 845 1724 longiores,
858 1683 934 1714 bre·

201 1727 305 1757 viores
331 1734 519 1765 nocturnas3
542 1727 646 1759 hieme
662 1727 787 1764 contr-21,
810 1735 938 1758 noctur·

201 1781 258 1802 nas
287 1770 460 1811 longiores,
486 1771 641 1802 breviores
670 1771 796 1802 diurnas
819 1770 938 1802 habue-

201 1822 277 1845 runt
291 1826 298 1851 ;
320 1812 392 1844 cum
409 1822 516 1846 autem
532 1814 578 1846 sol
593 1815 735 1847 medium
749 1818 851 1846 cursus
867 1825 938 1856 spa-

202 1859 284 1888 tium
301 1857 489 1895 confecerat,
512 1866 631 1890 sextam
651 1858 764 1890 horam
789 1869 937 1889 numera-

203 1901 303 1939 bant3
325 1912 380 1943 per
395 1901 547 1932 decimam
577 1909 684 1934 autem
709 1908 819 1945 quarta
834 1909 941 1934 nostra

205 1945 343 1976 scrotina
356 1945 563 1988 intelligenda
579 1954 634 1977 cst.

253 1990 303 2019 ³7.
317 1989 368 2018 Ad
381 1989 463 2018 Saxa
475 1989 587 2032 rubra]
625 1991 705 2021 Saxa
733 1989 831 2021 rubra
854 1989 941 2020 locus

208 2032 299 2064 estin
326 2032 374 2062 vivi
398 2032 501 2064 Cassia
531 2033 615 2064 inter
637 2034 751 2065 urbem
776 2041 807 2065 et
832 2033 942 2064 Veios.

209 2076 293 2107 Vide
308 2076 450 2115 Livium,
466 2076 522 2108 lib.
541 2079 572 2108 2.
600 2077 647 2108 Ibi
674 2077 857 2109 ceciderunt
884 2078 942 2108 Fa-

208 2120 255 2152 bii
270 2120 416 2152 trecenti.

256 2165 304 2194 18.
324 2164 399 2194 Inde
424 2164 516 2201 cisio]
557 2164 679 2196 Cisium
710 2173 810 2205 genus
838 2163 942 2194 rhedae

209 2207 413 2239 celerrimum
430 2215 487 2243 est,
503 2206 640 2248 [vehiculi
654 2208 744 2238 biroti
756 2218 859 2248 genus,
876 2208 944 2239 No-

208 2251 264 2283 nio
278 2252 397 2290 Mara]

252 2296 304 2325 20.
320 2296 349 2324 A
372 2293 506 2337 Asara-a]
530 2295 566 2326 Id
581 2298 670 2332 est,a
695 2296 813 2326 Marco
838 2296 944 2326 Anto-

209 2339 264 2371 nio
279 2337 462 2369 tabellarius
475 2345 530 2370 est.

255 2382 304 2413 Ib.
323 2383 372 2412 Ad
385 2382 473 2421 eam]
500 2381 642 2414 Fulviam
659 2381 790 2413 indicat.

253 2427 306 2457 23.
321 2424 381 2457 Illti
392 2427 502 2466 mima]
541 2425 726 2466 Cytheride,
751 2435 847 2469 quam
877 2427 945 2458 Vo-

209 2470 361 2503 lumniam
381 2469 611 2502 nominaverat.

904 1437 919 1455 e
937 1433 1075 1470 deterit.

1181 1428 1195 1454 f
1206 1432 1454 1469 conviciantem
1471 1431 1546 1469 tibi.

1024 1552 1074 1581 26.
1091 1551 1118 1582 Ο
1131 1551 1273 1582 hominem
1287 1562 1411 1593 nequam
1422 1551 1449 1592 !]
1465 1551 1572 1583 Nemo
1583 1549 1714 1589 vir-tur,

979 1595 1050 1637 pior
1065 1595 1278 1634 effoeminat03
1300 1603 1333 1628 et
1348 1606 1484 1638 nequam
1496 1595 1614 1627 dicitur
1626 1594 1716 1638 quasi

979 1639 1199 1681 nequicquam.

1021 1685 1073 1712 ⁴27.
1091 1682 1294 1726 Catamitum]
1318 1682 1492 1714 Catamitus
1511 1681 1630 1715 dicitur
1654 1691 1716 1722 pu-

982 1736 1016 1758 er
1039 1726 1234 1764 meritorius,
1249 1735 1286 1759 ut
1314 1727 1361 1758 ait
1389 1726 1516 1771 Servius
1544 1726 1585 1758 ad
1609 1725 1676 1757 Bet,
1686 1725 1716 1756 8.

982 1770 1083 1813 qualis
1095 1771 1157 1802 fuit
1171 1771 1381 1812 Ganymedes.

1025 1814 1076 1844 28.
1093 1815 1215 1845 Terrore
1229 1815 1393 1855 nocturna]
1432 1812 1515 1844 Cum
1538 1812 1624 1843 fama
1653 1810 1716 1843 fuit

983 1858 1014 1889 in
1027 1858 1140 1889 urbem
1151 1858 1331 1895 Antonium
1340 1855 1717 1895 advenisse,crediderunt

983 1912 1092 1933 omnes
1108 1910 1274 1933 mortuum
1288 1902 1382 1934 fuisse
1395 1903 1565 1932 Caesarem.

1027 1946 1078 1976 30.
1095 1945 1133 1976 L.
1150 1946 1306 1985 Plancus]
1341 1948 1369 1978 Is
1384 1953 1431 1977 est
1446 1944 1578 1976 Plancus
1593 1944 1717 1976 Muna-

985 1989 1022 2020 tii
1040 1989 1149 2020 Planci
1159 1989 1268 2027 frater‚
1283 1989 1431 2022 Ciceroni
1445 1988 1665 2025 amicissimus,
1679 1986 1719 2018 ad

986 2043 1081 2074 quem
1091 2032 1196 2075 plures
1209 2041 1281 2065 sunt
1292 2034 1359 2075 ejus
1371 2033 1523 2075 epistolae.
1568 2030 1650 2063 Cim]
1662 2040 1719 2062 au-

986 2084 1053 2108 tem
1075 2084 1145 2107 tum
1163 2077 1301 2119 Reipub.
1313 2085 1382 2108 tum
1400 2075 1518 2108 Caesari
1533 2074 1647 2107 multas
1662 2085 1719 2116 pe-

987 2120 1094 2151 cunias
1120 2120 1247 2152 deberet
1278 2121 1453 2158 Anterum,
1478 2118 1592 2160 quibus
1616 2118 1720 2160 impar

987 2171 1056 2195 erat
1084 2163 1248 2201 solvendis,
1281 2164 1415 2197 Plancus
1454 2162 1508 2194 ille
1539 2160 1720 2193 Tribunus-

988 2207 1090 2250 plebis
1111 2218 1275 2250 sponsores
1299 2207 1437 2249 Antonii
1459 2217 1492 2238 se
1515 2205 1720 2237 venditurum

988 2251 1125 2283 minatus
1140 2259 1199 2289 cst,
1225 2255 1242 2282 a
1267 2263 1331 2294 quo
1358 2252 1433 2283 cum
1455 2256 1625 2292 urgeretur
1646 2251 1719 2280 An-

988 2296 1106 2332 tonius,
1116 2295 1195 2326 dixit
1209 2295 1241 2326 in
1253 2296 1404 2327 concione
1419 2305 1450 2326 se
1461 2293 1589 2325 rediisse
1601 2299 1637 2324 ut
1651 2303 1721 2324 rem

987 2349 1077 2370 suam
1104 2347 1232 2382 ageret;
1255 2339 1305 2371 cui
1331 2338 1454 2370 dicenti
1486 2347 1549 2369 non
1587 2336 1720 2368 credidit

988 2382 1135 2425 populus,
1148 2394 1309 2426 persuasus
1320 2383 1360 2415 ob
1373 2384 1509 2415 mort‘em
1526 2381 1658 2414 Caesaris
1670 2387 1722 2412 're-

987 2427 1088 2458 diisse.
1629 2450 1636 2466 ι
1703 2438 1706 2443 “
1733 2451 1736 2457 ⁷

621 2633 717 2671 Quid
735 2635 841 2686 egerit
861 2633 1033 2672 Antonius
1052 2636 1089 2671 in
1109 2635 1307 2672 Consulatu.

264 2755 394 2796 XIII.
427 2754 507 2797 Sed
542 2753 668 2797 nimis
699 2755 831 2797 multa
848 2757 896 2798 de
916 2755 1035 2813 nugis
1057 2772 1067 2796 t
1099 2755 1147 2797 ad
1169 2760 1321 2811 majora
1339 2751 1570 2798 veniamus.'

1625 2754 1722 2796 Cae-

205 2810 282 2863 sari
303 2826 350 2854 ex
373 2812 577 2868 Hispania
596 2801 778 2866 redeuffii
798 2812 964 2858 obviam
997 2813 1236 2869 longissime
1262 2812 1516 2868 processisti:
1548 2809 1726 2852 celeriter

1638 2866 1722 2918 isti,
