1872 3140
464 119 529 189 IN
558 119 621 162 M.
643 119 977 163 ANTONIUM
1003 118 1332 163 PHILIPPICA
1361 120 1416 162 11.

188 233 302 290 Quid
325 234 341 277 ?
391 233 440 277 C.
464 235 638 285 Cassius,
670 237 711 277 in
734 234 779 278 ea
810 233 963 276 familia
983 248 1115 285 natus,
1145 250 1236 290 quae
1256 250 1340 277 non
1375 232 1502 276 modo
1524 236 1709 277 domina·

184 301 290 348 tum,
319 293 389 334 sed
409 307 461 334 ne
490 294 715 347 potentiam
736 294 901 348 quidem
923 293 1158 348 cujusquam
1179 293 1286 334 ferre
1307 293 1453 347 potuit,
1483 308 1549 334 me
1571 303 1708 334 aucto-

183 363 287 400 rem,
308 351 446 399 credo,
476 351 746 392 desideravit:
776 351 845 406 qui
881 350 1003 390 etiam
1034 351 1119 390 sine
1154 350 1217 390 his
1238 351 1462 391 clarissimis
1488 351 1582 390 viris
1601 351 1708 391 hanc

182 419 270 446 rem
303 407 347 447 in
386 408 544 456 Cilicia,
575 408 626 448 ad
655 408 803 448 ostium
843 408 1023 447 fluminis
1054 407 1205 461 Cydni,
1236 406 1487 455 confecisset,
1517 408 1547 448 si
1568 409 1636 448 ille
1657 408 1709 448 ad

1700 129 1787 166 419

180 474 270 503 eam
292 465 439 518 ripam,
471 480 592 520 quam
624 466 901 513 constituerat,
930 478 1014 504 non
1036 465 1085 504 ad
1106 465 1364 514 contrariam,
1394 479 1516 506 naves
1534 465 1708 520 appulis-
1726 473 1781 510 60

178 529 252 561 set.
283 521 362 562 Cn.
397 522 628 564 Domitium
650 537 733 562 non
755 522 875 575 patris
902 521 1102 568 interitus,
1133 521 1338 561 clarissimi
1360 523 1448 569 viii,
1479 537 1559 562 non
1583 537 1710 563 avun-

178 579 258 618 culi
279 593 404 629 mors,
434 594 519 621 non
548 580 731 634 spoliatio
769 578 993 634 dignitati-5,
1024 578 1073 617 ad
1108 580 1426 631 recuperandam
1464 579 1709 629 libertatern,

177 635 248 675 sed
284 651 374 678 mea
408 637 622 678 auctoritas
642 633 866 676 excitavit?
899 637 969 674 An
1004 634 1051 675 C.
1087 635 1298 675 Trebonio
1329 651 1405 700 ego
1421 638 1613 690 persuasi,
1641 638 1711 679 cui

180 706 234 733 ne
270 695 441 735 suadere
478 694 642 749 quidem
664 708 778 733 ausus
801 697 927 733 essem
951 691 966 732 ?
1011 687 1094 745 quo
1125 692 1247 732 etiam
1268 692 1463 744 majorem
1485 694 1520 733 ei
1541 696 1710 748 respub-

177 750 254 790 lica
274 752 444 806 gratiam
473 752 609 798 debet,
640 750 709 804 qui
750 750 977 790 libertatem
1009 749 1148 803 populi
1182 749 1362 790 Romani
1382 751 1499 790 unius
1521 752 1706 792 amicitiae

178 809 426 862 praeposuit,
466 809 738 862 depulsorque
768 804 1016 854 dominatus,
1047 805 1171 861 quam
1202 807 1399 861 particeps
1435 822 1517 848 esse
1550 810 1706 851 maluit.

178 865 245 904 An
268 864 316 905 L
337 865 497 906 Tullius
530 865 695 905 Cimber
723 879 788 905 me
811 875 869 905 est
890 874 1096 904 auctorem
1119 862 1309 904 secutus?
1342 879 1463 918 quem
1485 879 1561 920 ego
1582 868 1708 922 magis

176 920 316 962 fecisse
352 922 462 963 illam
500 937 588 962 rem
610 937 698 962 sum
719 923 953 971 admiratus,
985 934 1106 988 quam
1142 920 1346 961 facturum
1376 923 1544 976 putavi·
1535 952 1547 971 ‚
1578 924 1707 964 admi-

176 991 285 1020 ratus
324 994 413 1020 sum
443 990 578 1020 autem
613 980 666 1019 ob
698 994 788 1020 eam
808 993 985 1026 causam,
1015 976 1130 1032 quod
1160 979 1375 1019 immemor
1396 979 1706 1031 beneficiorum,

175 1050 336 1077 memor
373 1038 513 1092 patriae
552 1035 706 1077 fuisset.
779 1037 893 1078 Ouid
934 1037 1036 1077 duos
1068 1035 1274 1085 Servilios,
1305 1036 1448 1077 Cascas
1477 1037 1626 1087 dicam,
1656 1053 1706 1080 an

178 1092 361 1134 Ahalas?
393 1105 433 1135 et
452 1096 527 1135 hos
556 1094 793 1135 auctoritate
821 1091 913 1134 mea
944 1108 1081 1134 censes
1102 1094 1295 1135 excitatos
1315 1091 1468 1148 potius,
1499 1109 1623 1149 quam
1644 1110 1709 1137 ca-

174 1151 295 1191 ritate
313 1150 584 1205 reipublicae?
616 1151 806 1207 Longum
837 1162 895 1191 est
935 1152 1122 1206 persequi
1158 1163 1356 1191 eceteros:
1387 1152 1511 1206 idque
1545 1153 1709 1208 reipub*

175 1208 264 1249 licae
280 1210 534 1262 praeclarum,
563 1208 684 1249 fuisse
705 1221 787 1249 tarn
827 1210 992 1257 multos,
1021 1209 1114 1263 ipsis
1136 1209 1371 1265 gloriosum.
1433 1210 1491 1249 At
1513 1212 1708 1264 quemad-

173 1266 344 1307 modum
365 1281 431 1307 me
458 1281 667 1321 coarguer
655 1278 685 1306 t
717 1267 843 1306 homo
865 1278 1018 1314 acutus,
1048 1266 1332 1307 recordamini.
1392 1266 1551 1307 Caesare
1581 1268 1709 1309 inter-

173 1320 299 1372 fecto,
329 1323 476 1378 inquit,
517 1325 652 1365 statim
684 1335 900 1365 cruentum
930 1325 1008 1364 alte
1044 1325 1243 1364 extollens
1284 1323 1343 1364 M.
1380 1324 1530 1365 Brutus
1563 1326 1707 1380 pugio-

174 1394 288 1428 nem,
317 1381 562 1422 Ciceronem
601 1382 843 1423 nominatim
889 1382 1145 1430 exclamavit,
1193 1391 1273 1447 atq
1269 1395 1315 1421 ie
1355 1382 1391 1422 ei
1428 1394 1706 1449 recuperatam

174 1437 403 1478 libertatem
440 1450 498 1479 est
535 1442 768 1494 gratulatus.
829 1438 914 1479 Cur
935 1439 1036 1479 mihi
1068 1435 1363 1493 potissimum?
1421 1445 1437 1466 ⁸
1457 1436 1571 1493 quod
1605 1440 1707 1481 scie-

174 1493 308 1536 bam?
339 1496 448 1536 Vide
478 1512 530 1538 ne
562 1498 627 1537 illa
666 1511 781 1538 causa
810 1496 934 1537 fuerit
973 1495 1199 1562 appellandi
1231 1496 1328 1545 mei,
1359 1493 1470 1551 quod
1501 1511 1596 1536 cum
1617 1512 1705 1539 rem

167 1552 355 1608 gessisset
375 1555 627 1595 consimilem
646 1556 766 1596 rebus
794 1555 865 1604 eis,
882 1568 979 1608 quas
1001 1554 1084 1608 ipse
1115 1568 1330 1609 gesseram,
1360 1569 1427 1595 me
1447 1552 1704 1609 potissimum

778 1748 826 1773 an
844 1735 929 1786 quia
941 1746 1105 1771 noveram
1119 1735 1138 1771 ,9

999 1963 1044 1993 Ib.
1064 1961 1130 1993 Non
1156 1961 1290 1993 avunczdi
1316 1958 1422 2003 monn]
1461 1961 1629 1992 Domitius
1648 1961 1700 1993 ille

951 2005 1059 2045 junior
1083 2005 1284 2036 avunculum
1304 2006 1419 2036 habuit
1444 2006 1600 2036 Catonem
1628 2001 1700 2035 Uti-

951 2052 1093 2086 oensem,
1118 2049 1208 2087 cujus
1239 2051 1380 2079 sororem
1405 2056 1491 2088 pater
1524 2047 1692 2079 Domitius

951 2103 1088 2124 uxorem
1103 2093 1253 2130 duxerat;
1279 2092 1413 2123 alteram
1432 2093 1480 2123 M.
1501 2092 1647 2123 Bibulus.

213 1962 263 1999 56.
281 1961 360 1992 Cassi
364 1973 395 1991 cs
410 1962 440 1992 in
454 1961 534 2000 σά]
528 1962 583 1993 mi
580 1962 616 1993 'ici
631 1968 688 1993 rznt
690 1974 723 1994 ω.
729 1964 742 2002 ]
782 1963 908 1993 Cassius

171 2004 309 2035 habuit
302 2016 335 2036 in
355 2017 410 2036 sua
426 2005 546 2036 familia
567 2009 713 2038 Cissiurn
731 2007 762 2038 il'.
757 2016 837 2043 ·um,
853 2007 908 2046 qui

171 2042 277 2078 filium
305 2050 476 2085 interemit,
513 2050 602 2090 quod
632 2051 663 2080 in
692 2052 907 2090 suspicionem

168 2092 256 2130 regni
285 2086 453 2123 affectandi
479 2103 579 2123 x’senis
574 2102 624 2128 ·,et
638 2094 732 2135 cujus
747 2097 829 2124 bona
847 2096 906 2123 Ce-

169 2136 227 2165 reri
243 2138 450 2167 consecravit.
497 2137 578 2167 Vide
594 2138 760 2174 Halicarn,
771 2137 824 2167 lib.
842 2137 871 2166 8.

213 2180 266 2209 58.
282 2179 340 2210 His
354 2179 518 2210 clarissimis
543 2181 638 2220 viria]
684 2182 775 2211 Duos
793 2181 905 2211 Brutos

170 2221 330 2262 intelligit,
348 2225 403 2264 qui
420 2233 496 2254 curn
510 2233 548 2255 eo
572 2226 727 2255 Caesarem
746 2225 912 2256 interfece—

171 2272 246 2296 runt
264 2267 296 2296 in
310 2268 439 2298 Senatu.

213 2310 268 2344 59.
282 2309 324 2339 In
341 2310 470 2349 Cilicia]
509 2309 592 2342 cum
612 2318 683 2352 post
698 2310 911 2343 Pharsalicam

169 2354 311 2393 pugnam
335 2354 509 2394 fugientem
528 2354 720 2394 Pompeium
741 2355 846 2385 Caesar
866 2365 914 2385 se-

169 2401 332 2435 queretur,
347 2398 385 2428 ad
407 2397 656 2438 Hellespontum
675 2398 830 2436 pervenit,
855 2398 910 2428 ubi

170 2439 199 2468 ei
218 2440 345 2470 Cassius
367 2441 497 2472 obviam
522 2443 638 2478 factus,
654 2443 682 2472 ei
709 2442 912 2482 septuaginta

169 2482 312 2513 triremes
328 2484 425 2520 dedit,
448 2483 522 2514 cum
540 2484 633 2520 antea
644 2487 681 2516 de
691 2483 913 2516 interficiendo

170 2536 209 2556 eo
224 2526 355 2556 cassius
365 2528 526 2568 cogitaret.

213 2570 259 2600 lb.
281 2568 401 2609 Cydni]
439 2571 568 2610 Cydnus
582 2572 701 2602 fluvius
718 2578 764 2603 est
782 2571 814 2602 in
831 2570 910 2601 Cili·

170 2612 231 2651 cii,
252 2613 396 2644 Tarsum
414 2615 527 2644 urbem
553 2614 791 2655 praeterfluens3
815 2614 910 2656 cujus

170 2661 254 2698 aqua
271 2657 473 2695 frigidissima
489 2664 547 2688 est.

215 2703 265 2731 51.
286 2700 344 2728 (ἶφι.
364 2699 555 2740 Domitium-3
579 2702 641 2734 Cn.
659 2701 821 2732 Domitius
835 2702 911 2731 ado-

170 2744 290 2775 lescens
314 2743 344 2772 in
371 2742 406 2773 ea
425 2743 641 2780 coniuratione
663 2746 747 2780 fuit;
770 2746 838 2784 ejus
856 2754 909 2783 pa-

171 2794 216 2819 ter
230 2787 419 2826 Pompeium
436 2796 577 2825 secutus,
593 2788 624 2819 in
637 2789 703 2819 acie
729 2785 909 2820 Pharsali&

173 2832 339 2863 occubuit.

906 2879 977 2914 <Ao

994 2138 1045 2167 63.
1068 2137 1117 2167 An
1133 2135 1164 2166 C.
1194 2135 1362 2174 Trebonio]
1400 2136 1579 2166 Trebonius
1597 2135 1701 2166 stabat

949 2178 967 2210 a
1000 2180 1140 2219 partibus
1171 2180 1315 2218 Caesatis,
1351 2180 1446 2221 eique
1475 2179 1700 2210 amicissimus

957 2232 1033 2255 erat.

999 2270 1050 2298 67.
1077 2266 1113 2298 L.
1126 2264 1240 2296 Tullius
1258 2263 1400 2303 Cimber]
1435 2265 1553 2296 Seneca
1570 2265 1603 2295 in
1618 2265 1700 2305 epis-

957 2311 1030 2342 tolis
1047 2311 1085 2341 ad
1101 2309 1260 2343 Lucilium
1276 2310 1330 2346 ait,
1345 2309 1434 2339 hunc
1453 2309 1628 2340 Cimbrum
1652 2310 1701 2338 vi·

957 2354 1127 2385 nolentum
1144 2354 1176 2383 e't
1187 2353 1350 2394 ebriosum
1366 2352 1462 2382 fuisse
1476 2348 1638 2391 :huicque
1654 2359 1700 2382 ta-

955 2407 1030 2428 men
1046 2398 1084 2427 de
1101 2396 1232 2427 Cass-iris
1258 2395 1429 2426 Dictatoris
1445 2396 1528 2426 caede
1546 2403 1612 2425 tam
1628 2404 1699 2425 cre-

955 2441 1056 2471 ditam
1088 2449 1155 2470 rem
1181 2449 1257 2475 esse,
1286 2447 1389 2480 quam
1406 2438 1527 2476 cassio,
1559 2447 1616 2478 qui
1632 2435 1698 2469 tota

955 2483 1019 2514 vita
1034 2493 1153 2525 aquam
1166 2484 1258 2513 bibit.

1000 2528 1053 2557 ¹70.
1078 2526 1162 2556 Dum·
1186 2521 1347 2565 Sertilios]
1402 2517 1437 2558 P,
1463 2523 1616 2556 Servilius
1642 2533 1698 2565 pa

955 2576 1001 2601 ter
1030 2569 1150 2601 Consul
1177 2579 1263 2600 anno
1289 2569 1377 2599 urbis
1406 2567 1481 2605 673,
1505 2568 1698 2608 expugnatis

957 2615 1140 2644 Isaurorum
1164 2613 1288 2653 oppidis
1307 2611 1532 2651 triumphavi,
1554 2618 1585 2641 et
1610 2612 1698 2643 Isau-

956 2658 1010 2687 rici
1033 2667 1151 2690 nomen
1177 2655 1301 2686 retulit:
1327 2655 1395 2694 ejus
1407 2654 1493 2684 filius
1508 2655 1557 2684 bis
1574 2653 1698 2686 Consul

959 2702 1031 2731 fuit.

998 2745 1049 2773 ¹79.
1075 2741 1275 2779 Consimffemfl
1300 2740 1411 2772 Cicero
1435 2739 1618 2770 liberaverat
1642 2749 1697 2781 pa-

955 2788 1048 2817 triam
1065 2787 1104 2816 ab
1122 2786 1278 2819 inccndio,
1300 2792 1325 2813 (τι
1347 2782 1364 2817 ξι
1382 2782 1536 2814 Catalinae
1548 2783 1697 2822 conjura-

955 2831 1060 2866 tioiie3
1087 2839 1117 2859 ct
1130 2830 1247 2860 Brutus
1266 2827 1282 2857 a
1301 2827 1623 2859 Caesarisdvminatu.

1577 2881 1698 2913 tesia·

1726 762 1780 800 65

1724 1341 1778 1378 75
