1872 3140
383 84 613 129 ORATIO
641 84 762 128 PRo
789 85 843 127 T.
874 84 1061 130 ANN1o
1090 84 1331 130 M1LONE.
1610 97 1694 137 335

114 211 250 251 cente,
270 214 333 241 res
353 200 436 254 ipsa
455 201 716 255 loqueretur3
748 200 882 241 omnia
901 199 1012 250 falsa,
1034 211 1154 256 atque
1175 201 1363 244 insidiose·
1397 203 1490 244 ficta
1511 219 1621 245 com-
1640 209 1694 249 To

109 270 223 314 perta
243 268 348 298 sunt.

171 315 287 354 XIV.
324 310 451 370 Quod
481 314 512 354 si
532 327 668 368 tamen
702 314 896 355 metuitur
915 315 1035 354 etiam
1063 329 1170 356 nunc
1197 316 1320 367 Milo,
1340 332 1424 358 non
1445 319 1521 359 hoc
1536 320 1621 371 jam

111 372 355 412 Clodianum
390 372 544 413 crimen
573 371 776 419 timemus,
805 372 876 411 sed
896 382 996 420 tuaS,
1017 371 1094 411 Cn.
1116 373 1314 427 Pompeii,
1335 378 1392 428 (te
1411 376 1520 415 enim
1536 378 1622 428 jam

110 429 269 482 appello
289 427 336 468 esi
356 442 468 477 voce,
502 440 547 469 ut
581 443 647 468 me
683 429 820 468 audire
852 427 991 482 possis)
1016 439 1117 478 tuas,
1148 441 1249 478 tuas,
1284 432 1465 486 inquam,
1494 435 1622 487 suspi-

109 486 246 525 ciones
266 486 619 534 perhorrescimus.
675 484 718 525 Si
754 485 957 525 Milonem
991 485 1124 533 times,
1150 487 1181 525 si
1211 487 1320 528 hunc
1357 489 1406 529 de
1441 487 1510 529 tufi
1538 490 1620 530 vitfz

109 539 262 582 nefarie
297 553 364 582 aut
395 557 502 582 nunc
537 542 727 597 cogitare,
761 552 828 581 aut
861 542 1047 581 molitum
1069 542 1284 595 aliquando
1304 545 1457 599 aliquid
1477 557 1616 600 putas;
1639 578 1652 588 ι

108 599 140 638 si
162 598 286 639 Italiac
317 602 332 617 ²
352 600 543 647 delectus,
577 609 620 639 ut
654 598 840 638 nonnulli
859 598 1151 652 conquisitores
1172 600 1230 638 tui
1250 602 1451 652 dictitant,
1471 604 1502 643 si
1532 605 1620 644 haec

107 669 234 703 arma,
273 656 304 695 si
343 655 581 709 Capitolinae
620 655 822 703 cohortes,
842 655 874 693 si
908 655 1104 702 excubiae,
1143 655 1174 694 si
1208 657 1367 711 vigilite,
1401 659 1433 699 si
1466 661 1621 701 delecta

104 712 310 764 juventus,
332 727 421 767 quae
458 723 573 752 tuum
604 725 747 764 corpus
773 711 1024 764 domumque
1053 712 1241 760 custodit,
1279 727 1419 756 contra
1454 716 1621 758 Milonis

109 769 307 823 impetum
346 779 497 809 armata
531 778 605 816 est,
631 778 753 821 atque
787 767 854 807 illa
885 768 1021 807 omnia
1052 768 1093 807 in
1119 769 1229 810 hunc
1260 785 1388 812 unuin
1423 772 1620 823 instituta,

108 838 258 879 parata,
278 827 434 866 intenta
464 836 581 865 sunt:
611 838 756 878 magna
787 824 828 863 in
857 824 936 864 hoc
966 822 1072 865 certe
1094 825 1166 873 vis,
1187 836 1227 866 et
1260 827 1506 870 incredibilis
1534 832 1619 871 ani·
1642 841 1692 876 10

107 897 212 931 mus,
242 893 282 923 et
312 896 396 922 non
426 882 544 922 unius
564 881 638 921 viri
667 882 770 921 vires
800 891 920 934 atque
950 896 1045 935 opes
1075 882 1319 933 indicantur,
1345 886 1547 939 siquidem
1576 890 1618 928 in

107 939 217 979 hunc
239 953 366 979 unum
386 950 428 979 et
458 938 805 992 praestantissimus
839 938 924 978 dux
958 940 1122 987 electus,
1141 951 1183 979 et
1209 951 1293 980 tota
1315 943 1538 996 respublica
1557 960 1621 984 ar-

105 1006 213 1036 mata
249 1007 322 1036 est.
379 995 462 1036 Sed
493 996 583 1049 quis
610 1009 696 1035 non
727 995 930 1048 intelligit,
959 1009 1100 1036 omnes
1126 996 1200 1036 tibi
1229 997 1458 1052 reipublicae
1487 1013 1620 1054 partes

104 1067 230 1108 aegras
249 1064 288 1093 et
305 1053 496 1100 labantes,
517 1065 559 1092 ut
581 1068 645 1093 eas
660 1053 722 1092 his
737 1051 856 1091 armis
876 1065 1034 1091 sanares
1052 1063 1093 1092 et
1113 1053 1385 1105 confirmares,
1405 1071 1488 1097 esse
1509 1073 1620 1098 com-

102 1107 269 1150 missas?
301 1107 427 1165 Quod
449 1109 479 1149 si
500 1108 648 1150 Miloni
683 1110 793 1149 locus
824 1109 938 1148 datus
972 1120 1090 1159 esset,
1121 1108 1324 1163 probasset
1342 1112 1526 1166 profecto
1546 1116 1618 1156 tibi
1641 1123 1691 1160 15

102 1166 191 1219 ipsi,
215 1168 436 1207 -neminem
466 1181 645 1220 unquam
677 1166 888 1206 hominem
916 1165 1074 1205 homini
1103 1168 1298 1208 cariorem
1328 1169 1464 1220 fuisse,
1492 1171 1617 1226 quam

101 1233 142 1262 te
172 1224 270 1276 sibi:
299 1225 456 1264 nullum
487 1238 528 1263 se
559 1237 737 1278 unquam
768 1222 990 1277 periculum
1021 1237 1095 1276 pro
1124 1223 1195 1264 tua
1222 1226 1419 1280 dignitate
1447 1227 1617 1283 fugisse:

99 1294 194 1320 curn
223 1278 289 1322 illa
318 1280 401 1335 ipsit
430 1281 637 1322 teterrima
667 1282 682 1304 ‘²
702 1291 813 1334 peste
843 1276 1057 1333 saepissime
1088 1295 1161 1334 pro
1191 1282 1260 1323 tu&
1289 1282 1418 1337 gloria
1446 1297 1616 1327 conten·-

100 1337 225 1378 disse:
257 1339 508 1378 tribunatum
526 1353 642 1378 suum
674 1338 723 1377 ad
749 1338 918 1377 salutem
938 1351 1085 1386 meam,
1106 1353 1196 1392 quae
1217 1340 1289 1380 tibi
1302 1341 1532 1383 charissima
1550 1343 1617 1383 fu-

99 1394 207 1443 isset,
240 1395 415 1435 consiliis
448 1395 526 1435 tuis
561 1396 832 1449 gubernatum
850 1408 858 1433 :
888 1408 929 1432 se
951 1391 973 1433 a
993 1405 1032 1434 te
1053 1397 1192 1447 postet}
1211 1397 1426 1438 defensum
1446 1399 1489 1439 in
1508 1401 1614 1454 peri·
1631 1409 1688 1445 20

100 1452 192 1492 culo
212 1452 365 1506 capitis,
384 1452 565 1504 adjutum
595 1452 635 1491 in
667 1450 862 1504 petitione
890 1449 1101 1491 Praeturae:
1130 1453 1230 1493 duos
1259 1470 1300 1494 se
1331 1455 1480 1497 hahere
1508 1458 1614 1498 sem*-

99 1521 173 1562 per
202 1509 459 1549 amicissimos
489 1506 679 1563 spei-fisse,
711 1519 751 1548 te
781 1518 851 1547 tuo
881 1507 1094 1557 beneficio,
1123 1524 1190 1550 me
1219 1526 1314 1552 suo:
1345 1527 1434 1566 quae
1466 1514 1496 1553 si
1526 1529 1611 1555 non

95 1567 310 1619 probaret3
340 1566 371 1606 si
410 1566 482 1605 tibi
525 1566 580 1606 ita
623 1566 782 1619 penitus
821 1572 836 1586 ⁰
866 1563 1074 1605 insedisset
1104 1566 1178 1606 ista
1208 1567 1392 1622 suspicio,
1422 1572 1535 1610 nullo
1565 1583 1610 1612 ut

96 1623 214 1662 evelli
245 1624 367 1662 modo
396 1636 554 1678 posset3
598 1623 629 1662 si
659 1622 836 1675 denique
865 1621 978 1662 Italia
1008 1618 1030 1660 Ξῖ
1059 1623 1235 1674 delectu,
1274 1626 1368 1665 urbs
1397 1627 1446 1666 ab
1476 1629 1610 1677 armis,

97 1679 183 1719 sine
214 1678 380 1720 Milonis
420 1680 547 1728 clade,
588 1693 797 1733 nunquam
829 1687 928 1718 esset
970 1679 1260 1732 conquietum3
1303 1696 1366 1722 nae
1396 1683 1469 1724 iste
1498 1685 1607 1725 haud
1626 1693 1678 1729 25

96 1736 284 1778 dubitans
327 1737 503 1777 cessisset
532 1735 677 1791 patriai,
707 1736 756 1786 is,
788 1734 856 1789 qui
885 1734 940 1774 ita
969 1746 1085 1775 natus
1115 1748 1188 1786 est,
1218 1749 1258 1778 et
1288 1739 1342 1778 ita
1372 1742 1604 1789 consuevit;

1643 555 1664 585 -ii

795 1955 810 1976 ¹·
828 1956 961 1997 Clodio,
1140 1965 1153 1980 ⁶
1170 1960 1277 2010 irgfixa
1291 1968 1393 2001 esset.

301 1965 316 1980 ⁸
331 1959 467 2000 collecti
481 1959 620 1998 milites.

865 2182 941 2215 tolio
971 2185 1170 2225 ponebantur
1203 2187 1241 2217 ad
1274 2186 1360 2217 urbis
1402 2188 1596 2228 praesidium,

863 2226 939 2258 chin
955 2228 1114 2260 seditionis
1130 2229 1309 2269 periculum
1322 2236 1387 2260 erat
1401 2231 1540 2271 aliquod.

910 2270 1077 2302 1:5.Q›10·dsi·
1086 2271 1221 2314 Miloni]
1235 2273 1318 2303 Milo
1329 2273 1431 2304 voluit
1442 2277 1546 2305 venire
1557 2277 1595 2306 ad

127 2185 159 2213 ¹2.
179 2183 342 2214 Clodianum
357 2182 820 2223 crimen.]Crimen010dianum

86 2227 174 2264 dicit,
188 2229 272 2268 quod
288 2227 437 2265 objicitur
452 2228 490 2257 de
519 2227 603 2257 caede
632 2226 748 2264 Clodii,
764 2228 819 2267 qui

87 2269 164 2302 clim
177 2269 352 2309 justissimi:
367 2271 490 2301 occisus
505 2271 558 2307 sit,
574 2270 654 2300 nihil
671 2277 717 2300 est
732 2271 820 2310 quod

84 2313 171 2344 Milo
185 2321 336 2345 vereatur.

131 2357 161 2386 4.
194 2356 457 2395 perlici-rescimus]
488 2356 601 2386 Cicero
631 2365 697 2385 non
727 2355 819 2386 timet

87 2398 208 2429 Miloni
239 2407 364 2439 propter
395 2400 595 2430 interfectum
626 2396 645 2428 a
673 2408 705 2429 se
744 2398 818 2428 Clo-

86 2443 190 2479 dium,
207 2444 257 2472 secl
275 2450 400 2482 propter
415 2443 610 2481 suspiciones
625 2451 703 2481 quas
720 2442 818 2471 Pom-

85 2486 177 2525 peius
206 2486 330 2524 habuit,
353 2485 371 2516 ἰι
401 2485 528 2515 Milone
556 2493 678 2525 paratas
693 2485 752 2515 sibi
769 2485 817 2515 in-

86 2529 179 2558 sidias
197 2528 303 2558 fuisse.

130 2577 158 2602 6.
174 2570 382 2611 Conquisitores
396 2570 467 2611 tui.]
501 2571 740 2610 conquisitores
769 2569 815 2600 illi

85 2622 173 2651 sunt,
190 2613 255 2644 sive
273 2614 407 2651 lictores,
424 2615 489 2644 sive
505 2614 666 2651 satellites,
683 2615 747 2644 sive
759 2623 815 2644 ex·

81 2657 254 2697 ploratores
271 2658 389 2697 quibus
406 2657 526 2696 aliquid
555 2657 698 2687 muneris
724 2664 780 2686 aut
796 2655 814 2686 εἰ

80 2700 232 2735 Consule,
248 2706 303 2730 aut
317 2700 356 2731 ab
380 2699 489 2741 aliquo
517 2701 702 2740 magistratu
725 2696 816 2730 corn-

73 2752 207 2774 missum
222 2751 276 2774 est.

121 2787 152 2818 7.
169 2786 333 2829 Capitolina·
343 2781 492 2827 cohortes]
506 2785 657 2817 Cohortes
671 2785 703 2817 in
716 2785 811 2827 Capi-

864 2312 1070 2353 Pompeium,
1086 2317 1118 2346 in
1131 2316 1242 2352 hortis,
1253 2316 1382 2356 periculi
1393 2316 1498 2354 causa,
1508 2328 1597 2348 com-

863 2366 1055 2388 morantem:
1070 2360 1123 2389 sed
1131 2369 1185 2398 per
1194 2361 1412 2399 propinquum
1430 2362 1596 2392 nunciavit

862 2399 900 2436 ei,
914 2410 953 2430 ne
968 2401 1008 2431 ad
1023 2411 1055 2431 se
1069 2400 1200 2439 veniret,
1217 2410 1253 2433 ut
1269 2403 1360 2433 refert
1372 2404 1536 2433 Asconius,

904 2443 955 2472 20.
981 2444 1171 2487 Defensum]
1200 2445 1250 2475 De
1273 2447 1304 2476 vi
1320 2452 1486 2476 accusatus
1503 2446 1593 2484 Milo,

862 2493 932 2524 post
946 2495 1042 2517 suum
1059 2488 1256 2518 tribunatum
1273 2487 1291 2518 a
1310 2488 1462 2527 Pompeio
1485 2489 1595 2520 defen-

860 2538 914 2558 sus
927 2536 992 2564 est;
1021 2530 1054 2560 in
1070 2539 1170 2571 quem
1199 2532 1359 2562 dicentem
1384 2530 1401 2561 ἓ.
1432 2531 1595 2563 Clodianis

860 2571 998 2610 impetus
1013 2574 1115 2604 sactus
1130 2581 1184 2605 est.

902 2615 954 2644 22.
984 2616 1024 2646 Te
1046 2614 1124 2658 tua]
1150 2617 1322 2655 Pompeius
1349 2615 1506 2648 beneficio
1532 2617 1593 2649 sibi

858 2657 1024 2690 Milonem
1049 2661 1244 2696 devinxerat,
1257 2657 1332 2691 ciim
1349 2669 1423 2690 eum
1441 2661 1590 2693 defendit.

903 2701 948 2732 lb.
964 2701 1020 2732 Me
1032 2700 1114 2743 sum]
1131 2703 1214 2733 Milo
1229 2703 1386 2733 beneficio
1402 2698 1592 2735 Ciceronem

854 2743 1013 2782 affecerat,
1023 2746 1100 2786 quia
1111 2745 1179 2786 ejus
1192 2745 1224 2775 in
1231 2746 1345 2776 urbem
1354 2747 1594 2780 revocationem

854 2786 1032 2826 plurimiim
1049 2788 1220 2828 adjuverat.

1535 2877 1590 2917 te,
