1872 3140
129 162 208 199 538
603 158 671 200 M.
702 155 909 200 TULLII
941 153 1262 197 CICERONIS

203 284 290 312 rem
312 270 388 312 hos
411 270 574 328 quidem
603 272 652 312 ab
675 272 754 313 hoc
786 285 972 314 sermone
1011 282 1316 312 removeamus:
1362 267 1438 322 ipsi
1471 275 1606 310 autem
1642 265 1713 309 inv

203 326 452 383 telligamus,
475 327 746 385 natura-gigni
775 342 940 370 sensum
973 326 1182 383 diligendi,
1213 335 1252 366 et
1287 323 1574 366 benevolentia:
1609 325 1716 366 cari-

202 391 342 431 tatem.
368 384 475 426 facta
496 385 791 441 significatione
813 384 1022 440 probitatis
1042 400 1055 435 3
1089 399 1214 440 quam
1234 382 1305 438 qui
1325 380 1616 437 appetiverunt,
1639 391 1712 437 ap·-

204 440 359 496 plicant
389 456 473 482 sese
500 453 539 483 et
573 442 740 497 propius
766 444 1004 493 admovent,
1035 450 1080 481 ut
1110 450 1149 481 et
1186 455 1262 480 usu
1282 439 1383 495 ejus,
1405 453 1528 497 quem
1547 439 1715 494 diligere

129 506 181 540 35
203 508 433 554 coeperunt,
483 498 684 551 fruantur,
734 508 772 540 et
815 499 998 540 moribus
1012 514 1025 550 3
1079 498 1240 553 sintque
1272 511 1385 552 pares
1422 497 1465 536 in
1511 507 1646 537 amore
1675 504 1716 539 et

202 554 395 611 aequales,
417 556 778 613 propensioresque
794 557 842 597 ad
861 556 966 597 bene
987 554 1242 605 merendum,
1266 554 1394 609 quam
1422 553 1470 594 ad
1497 566 1712 606 reposeen-

200 611 314 653 dum.
374 614 516 669 Atque
537 614 626 654 haec
647 614 753 655 inter
772 628 838 654 eos
861 613 911 654 sit
936 615 1108 654 honesta
1137 610 1329 662 certati03
1364 610 1422 650 sic
1454 618 1492 650 et
1523 609 1716 669 utilitates

199 683 248 709 ex
267 668 449 710 amiciti-<i
477 670 672 711 maximae
703 670 938 726 capientur:
971 678 1010 711 et
1028 668 1104 710 erit
1123 668 1208 724 ejus
1228 678 1338 709 ortus
1360 668 1386 708 a
1407 669 1563 717 natura,
1585 667 1715 722 quam

200 725 250 766 ab
283 726 577 779 imbecillitate,
609 740 649 768 et
678 729 850 784 gravior,
874 737 912 768 et
941 727 1095 778 verior3
1129 740 1226 766 nam
1260 723 1293 765 si
1328 724 1481 766 utilitas
1515 723 1717 765 amicitias

123 792 179 827 40
200 782 512 839 conglutinaret,
558 785 697 825 eadem
747 794 1001 826 commutata
1047 782 1279 824 dissolveret
1291 798 1304 834 3
1347 782 1413 823 sed
1448 781 1545 839 quia
1572 790 1718 829 natura

197 840 349 882 mutari
369 856 453 881 non
470 850 617 896 potest,
640 842 791 883 idcirco
820 856 924 882 verae
963 840 1157 882 amicitiae
1188 839 1446 893 sempiternae
1466 847 1575 880 sunt.
1635 838 1718 880 Oi·-

196 906 287 938 tum
304 897 468 953 quidem
488 898 682 940 amicitiae
704 898 860 949 videtis,
883 898 962 940 nisi
978 897 1074 954 quid
1096 898 1143 938 ad
1164 897 1254 937 haec
1275 895 1377 938 forte
1395 896 1530 938 vultis.
1573 896 1714 936 Fan'n.

194 955 262 996 Tu
279 957 371 997 vero
385 970 519 1012 perge,
542 955 647 997 Laeli
666 972 677 1008 3
711 971 783 1011 pro
805 957 884 997 hoc
904 956 1033 1007 enim,
1057 954 1126 1010 qui
1147 954 1284 995 minor
1303 963 1360 995 est
1381 964 1496 1004 natu,
1517 967 1609 995 meo
1625 954 1719 1011 jure

197 1014 434 1065 respondeo.
496 1014 620 1055 ,S'caezu
682 1015 807 1055 Recte
830 1023 870 1054 tu
893 1013 1085 1070 quidem3
1117 1011 1386 1068 quamobrem
1410 1010 1638 1052 audiamus.

253 1071 310 1111 X.
343 1071 451 1111 Lael.
485 1070 640 1112 Audite
661 1086 771 1127 ergQ
795 1070 941 1126 optimi
962 1069 1051 1122 viri,
1081 1084 1126 1110 ea
1157 1084 1252 1124 quae
1278 1068 1507 1124 saepissime
1529 1065 1716 1109 interme

195 1135 233 1167 et
268 1126 505 1182 Scipionem
539 1128 587 1168 de
623 1128 805 1169 amicitia
832 1126 1154 1177 disserebantur3
1190 1141 1426 1182 quanquam
1459 1125 1526 1166 ille
1547 1124 1716 1181 quidem

193 1183 297 1225 nihil
317 1183 523 1225 difficilius
543 1200 629 1226 esse
659 1186 836 1236 dicebat,
863 1187 988 1240 quam
1011 1183 1234 1225 amicitiam
1257 1198 1385 1239 usque
1405 1182 1454 1223 ad
1482 1192 1715 1230 extremum

192 1242 288 1282 vitte
312 1256 572 1296 permanere:
608 1257 720 1292 nam,
742 1242 803 1283 vel
830 1251 877 1283 ut
906 1257 991 1282 non
1022 1240 1133 1281 idem
1163 1240 1367 1294 expediret
1397 1241 1572 1296 utrique,
1604 1239 1715 1281 ‘inci-

147 1310 168 1342 5
196 1298 287 1340 dere
326 1312 458 1354 saepe:
511 1298 568 1339 vel
600 1307 646 1339 ut
684 1300 731 1339 de
763 1313 846 1354 rep.
888 1314 973 1339 non
1005 1297 1111 1338 idem
1153 1298 1371 1338 sentirent:
1405 1295 1553 1338 mutari
1591 1296 1715 1343 eiiam

191 1371 327 1397 mores
361 1356 582 1397 hominum
613 1371 720 1411 saepe
755 1356 930 1406 dicebat,
963 1354 1062 1396 alios
1094 1354 1265 1396 adversis
1295 1354 1430 1404 rebus,
1470 1353 1568 1394 alios
1598 1363 1719 1395 aetate

192 1413 494 1469 ingravescente
513 1430 523 1463 3
557 1422 679 1469 atque
705 1428 845 1454 earum
875 1428 1007 1454 rerum
1026 1411 1261 1466 ‘exemplum
1283 1426 1332 1451 ex
1355 1409 1623 1452 similitudine
1642 1412 1714 1451 ‘ca-

190 1470 327 1525 piebat
357 1471 536 1512 ineuntis
568 1471 713 1521 aetam,
740 1470 848 1527 quod
881 1469 1034 1511 summi
1071 1483 1289 1524 puerorum
1316 1482 1474 1509 amores
1494 1482 1601 1523 saepe
1630 1469 1724 1509 una·

194 1543 292 1569 cum
314 1532 505 1583 praetexti}
534 1542 799 1582 ponerentur3
835 1527 898 1568 sin
919 1537 1056 1569 autem
1078 1527 1127 1567 ad
1157 1525 1471 1567 adolescentiam
1500 1525 1721 1581 perduxisz-

118 1595 170 1629 10
195 1594 298 1636 sent,
336 1585 472 1626 dirimi
505 1596 645 1626 tamen
678 1586 882 1626 interdum
914 1583 1175 1625 contentione
1213 1583 1272 1623 vel
1305 1581 1461 1623 uxoriae
1505 1580 1711 1624 conditio-

190 1642 271 1693 nis,
289 1642 350 1685 vel
384 1643 594 1683 commodi
626 1641 812 1699 alicujus,
841 1642 950 1698 quod
983 1641 1091 1682 idem
1120 1639 1286 1696 adipisci
1318 1649 1489 1696 uterque
1507 1655 1592 1681 non
1615 1654 1714 1695 pos-

190 1708 278 1752 set3
327 1701 438 1756 quod
478 1700 511 1741 si
549 1698 619 1756 qui
665 1699 829 1755 longius
866 1699 908 1740 in
951 1698 1132 1740 amicitia
1170 1696 1348 1752 provecti
1389 1705 1538 1749 essent,
1575 1706 1714 1738 tamen

189 1772 298 1813 saepe
318 1757 567 1809 labefactari,
591 1757 623 1797 si
654 1757 698 1799 in
730 1756 898 1798 honoris
930 1755 1238 1797 contentionem
1259 1753 1522 1805 inciclissent3
1555 1750 1714 1809 pestem

189 1815 304 1856 enim
340 1817 541 1871 majorem
576 1829 661 1855 esse
690 1814 849 1858 nullam
885 1813 927 1854 in
958 1812 1164 1863 amicitiis,
1201 1813 1326 1868 quam
1353 1812 1394 1852 in
1416 1811 1618 1868 plerisque
1637 1825 1712 1867 pe-

115 1881 164 1918 15
192 1871 328 1914 cuniae
361 1871 651 1928 cupiditatem:
684 1871 729 1912 in
764 1870 933 1928 optimis
964 1869 1194 1927 quibusque
1227 1868 1395 1909 honoris
1431 1878 1635 1909 certamen
1673 1879 1714 1912 et

187 1927 358 1984 gloriae:
391 1944 438 1971 ex
470 1944 552 1986 quo
585 1929 822 1970 inimicitias
850 1928 1053 1969 maximas
1089 1941 1195 1982 saepe
1230 1926 1333 1967 inter
1353 1925 1623 1967 amicissimos
1643 1938 1715 1966 ex-

140 2019 142 2022 .
188 1986 342 2029 titisset
377 2002 528 2042 magua
558 1987 670 2028 enim
705 1985 885 2037 dissidia,
912 1994 950 2026 ct
980 1984 1348 2040 pleruinquejusta
1368 1983 1491 2031 nasci,
1515 1985 1611 2025 cum
1633 1981 1711 2024 ali·

190 2043 288 2101 quid
311 2044 360 2085 ab
380 2043 539 2096 amicis,
564 2044 671 2101 quod
702 2053 856 2084 rectum
892 2058 975 2083 non
997 2051 1115 2092 esset,
1142 2040 1434 2097 postularetur:
1466 2049 1512 2082 ut
1531 2048 1600 2082 aut
1618 2038 1713 2081 libi-

188 2101 296 2142 dinis
330 2100 524 2152 ministri‚
560 2113 630 2141 aut
658 2101 857 2156 adjutores
893 2109 1026 2141 essent
1056 2099 1104 2140 ad
1140 2097 1360 2154 injuriam;
1401 2098 1510 2154 quod
1542 2097 1613 2153 qui
1644 2111 1708 2138 re·

111 2169 166 2203 90
189 2168 395 2209 cusarent,
419 2157 605 2214 quamvis
627 2159 797 2199 honeste
819 2157 856 2198 id
880 2156 1072 2208 facerent,
1089 2155 1158 2212 jus
1193 2166 1329 2196 tamen
1362 2153 1557 2196 amicitiae
1591 2153 1708 2194 dese-

187 2231 270 2257 rere
290 2224 550 2272 arguerentur
579 2215 629 2256 ab
666 2214 729 2266 iis,
761 2214 910 2271 quibus
942 2213 1110 2270 obsequi
1131 2212 1316 2263 nollent3
1350 2211 1440 2252 illos
1462 2220 1616 2262 autem,>
1637 2210 1710 2265 qui

188 2272 348 2329 quidvis
371 2273 421 2314 ab
455 2271 588 2314 amico
625 2273 816 2313 auderent
846 2272 1063 2327 postulare,
1087 2269 1357 2325 postulatione
1388 2267 1478 2323 ipsa
1498 2267 1675 2323 profiteri
1691 2284 1706 2320 3

185 2331 328 2372 omnia
348 2344 388 2371 se
421 2328 544 2371 amici
580 2333 703 2371 causa
734 2344 818 2370 esse
858 2328 1061 2380 factur033
1093 2341 1235 2368 eorum
1274 2325 1437 2382 querela¹
1470 2325 1710 2367 inveteratas

184 2403 270 2430 non
285 2387 412 2429 modo
432 2386 724 2428 familiaritates
735 2385 922 2443 *extingui
940 2385 1080 2436 solere,
1104 2385 1171 2425 sed
1192 2383 1316 2425 etiam
1335 2383 1428 2424 odia
1452 2382 1567 2439 gigni
1593 2397 1705 2424 sem-

95 2451 164 2490 *25
187 2445 357 2501 piterna.
418 2445 528 2486 Haec
559 2444 616 2485 ita
635 2443 765 2485 multa
783 2444 898 2500 quasi
919 2442 1000 2485 fata
1019 2441 1252 2497 impendere
1272 2439 1480 2491 amicitiis,
1504 2449 1547 2480 ut
1566 2439 1709 2481 omnia

184 2501 460 2559 subterfugere
479 2516 566 2543 uon
584 2501 711 2543 modo
731 2500 955 2558 sapientiae,
980 2500 1045 2541 sed
1080 2499 1202 2541 etiarn
1233 2496 1437 2540 felicitatis
1458 2497 1609 2539 diceret
1630 2496 1707 2538 sibi

179 2560 322 2602 videri.

236 2618 319 2660 XI.
340 2613 641 2671 {Quamobrem
678 2616 717 2658 id
744 2615 931 2671 primum
976 2615 1204 2665 videamus,
1240 2612 1274 2654 si
1318 2611 1465 2668 placet,
1503 2619 1705 2668 quatenus

179 2689 296 2716 amor
328 2673 371 2715 in
396 2674 578 2715 amicitia
607 2672 793 2731 'progredi
824 2673 997 2725 debeat3
1031 2686 1149 2723 num,
1170 2672 1203 2713 si
1225 2669 1469 2712 Coriolanus
1490 2668 1635 2710 habuit
1654 2682 1702 2709 a·

177 2731 326 2782 micos,
349 2731 448 2773 ferre
479 2742 621 2773 contra
651 2729 822 2787 patriam
860 2741 973 2772 arma
1012 2729 1067 2770 illi
1098 2744 1197 2770 cum
1236 2726 1458 2770 Coriolano
1496 2726 1700 2767 debuere?

177 2804 281 2830 num
300 2788 577 2830 Viscellinum
608 2788 730 2830 amici
766 2802 942 2845 regnum
977 2794 1252 2842 appetentem,
1275 2799 1379 2826 num
1409 2786 1483 2839 Sp.
1505 2782 1704 2825 Maelium

126 2852 151 2889 5
175 2847 403 2888 debuerunt
418 2847 583 2903 juvare?
616 2846 683 2890 Ti.
700 2846 872 2903 quidem
893 2845 1132 2888 Gracchum
1154 2857 1280 2899 remp.
1303 2853 1534 2894 vexantem,
1558 2856 1595 2939 ⁷}
1611 2839 1700 2936 Ggu.

1598 2911 1622 2937 u
1655 2910 1699 2936 e-
