<?xml version="1.0" encoding="UTF-8"?>
<!DOCTYPE html PUBLIC "-//W3C//DTD XHTML 1.0 Transitional//EN"
    "http://www.w3.org/TR/xhtml1/DTD/xhtml1-transitional.dtd">
<html xmlns="http://www.w3.org/1999/xhtml" xml:lang="en" lang="en">
 <head>
  <title>
</title>
<meta http-equiv="Content-Type" content="text/html;charset=utf-8" />
  <meta name='ocr-system' content='tesseract 3.04.00' />
  <meta name='ocr-capabilities' content='ocr_page ocr_carea ocr_par ocr_line ocrx_word'/>
</head>
<body>
  <div class='ocr_page' id='page_1' title='image "./orationesquaedam00ciceuoft/orationesquaedam00ciceuoft_0573.png"; bbox 0 0 1872 3140; ppageno 0'>
   <div class='ocr_carea' id='block_1_1' title="bbox 0 0 55 3140">
    <p class='ocr_par' dir='ltr' id='par_1_1' title="bbox 0 0 55 3140">
     <span class='ocr_line' id='line_1_1' title="bbox 0 0 55 3140; baseline 0 0"><span class='ocrx_word' id='word_1_1' title='bbox 0 0 55 3140; x_wconf 95' lang='lat' dir='ltr'><strong> </strong></span> 
     </span>
    </p>
   </div>
   <div class='ocr_carea' id='block_1_2' title="bbox 773 125 1788 191">
    <p class='ocr_par' dir='ltr' id='par_1_2' title="bbox 773 125 1788 191">
     <span class='ocr_line' id='line_1_2' title="bbox 773 125 1788 191; baseline 0.007 -23"><span class='ocrx_word' id='word_1_2' title='bbox 773 125 856 169; x_wconf 90' lang='lat' dir='ltr'><strong>DE</strong></span> <span class='ocrx_word' id='word_1_3' title='bbox 884 126 1189 172; x_wconf 88' lang='lat' dir='ltr'><strong>AMICITIA.</strong></span> <span class='ocrx_word' id='word_1_4' title='bbox 1236 174 1240 177; x_wconf 61' lang='grc'><strong>,</strong></span> <span class='ocrx_word' id='word_1_5' title='bbox 1451 185 1460 191; x_wconf 62' lang='lat'><strong><em>„</em></strong></span> <span class='ocrx_word' id='word_1_6' title='bbox 1711 141 1788 175; x_wconf 81' lang='lat'><strong>531</strong></span> 
     </span>
    </p>
   </div>
   <div class='ocr_carea' id='block_1_3' title="bbox 147 236 1798 2944">
    <p class='ocr_par' dir='ltr' id='par_1_3' title="bbox 147 236 1798 2944">
     <span class='ocr_line' id='line_1_3' title="bbox 190 236 1715 302; baseline 0.006 -24"><span class='ocrx_word' id='word_1_7' title='bbox 190 236 337 279; x_wconf 50' lang='lat' dir='ltr'><strong>corum</strong></span> <span class='ocrx_word' id='word_1_8' title='bbox 361 236 500 280; x_wconf 84' lang='lat' dir='ltr'><strong>haberi</strong></span> <span class='ocrx_word' id='word_1_9' title='bbox 523 248 655 282; x_wconf 81' lang='lat' dir='ltr'><strong>sermo</strong></span> <span class='ocrx_word' id='word_1_10' title='bbox 675 239 891 285; x_wconf 85' lang='lat' dir='ltr'><strong>videretur.</strong></span> <span class='ocrx_word' id='word_1_11' title='bbox 954 243 1069 285; x_wconf 74' lang='lat' dir='ltr'><strong>Cum</strong></span> <span class='ocrx_word' id='word_1_12' title='bbox 1100 243 1212 285; x_wconf 87' lang='lat' dir='ltr'><strong>enim</strong></span> <span class='ocrx_word' id='word_1_13' title='bbox 1245 258 1353 301; x_wconf 82' lang='lat' dir='ltr'><strong>saepe</strong></span> <span class='ocrx_word' id='word_1_14' title='bbox 1373 258 1540 289; x_wconf 86' lang='lat' dir='ltr'><strong>mecum</strong></span> <span class='ocrx_word' id='word_1_15' title='bbox 1563 260 1715 302; x_wconf 72' lang='lat' dir='ltr'><strong>ageres,</strong></span> 
     </span>
     <span class='ocr_line' id='line_1_4' title="bbox 189 295 1783 356; baseline 0.005 -17"><span class='ocrx_word' id='word_1_16' title='bbox 189 297 241 339; x_wconf 83' lang='lat' dir='ltr'><strong>ut&#39;</strong></span> <span class='ocrx_word' id='word_1_17' title='bbox 265 295 314 336; x_wconf 88' lang='lat' dir='ltr'><strong>dc</strong></span> <span class='ocrx_word' id='word_1_18' title='bbox 343 295 555 340; x_wconf 44' lang='lat' dir='ltr'><strong>Amicitia&amp;</strong></span> <span class='ocrx_word' id='word_1_19' title='bbox 579 298 798 341; x_wconf 82' lang='lat' dir='ltr'>scriberem</span> <span class='ocrx_word' id='word_1_20' title='bbox 830 300 1003 356; x_wconf 87' lang='lat' dir='ltr'><strong>aliquid,</strong></span> <span class='ocrx_word' id='word_1_21' title='bbox 1025 301 1150 356; x_wconf 78' lang='lat' dir='ltr'><strong>digna</strong></span> <span class='ocrx_word' id='word_1_22' title='bbox 1183 302 1287 344; x_wconf 89' lang='lat' dir='ltr'><strong>mihi</strong></span> <span class='ocrx_word' id='word_1_23' title='bbox 1311 318 1370 344; x_wconf 87' lang='lat' dir='ltr'><strong>res</strong></span> <span class='ocrx_word' id='word_1_24' title='bbox 1389 305 1488 345; x_wconf 77' lang='lat' dir='ltr'><strong>cum</strong></span> <span class='ocrx_word' id='word_1_25' title='bbox 1522 303 1715 345; x_wconf 85' lang='lat' dir='ltr'><strong>omnium</strong></span> <span class='ocrx_word' id='word_1_26' title='bbox 1732 313 1783 347; x_wconf 77' lang='lat'><strong>525</strong></span> 
     </span>
     <span class='ocr_line' id='line_1_5' title="bbox 187 351 1717 417; baseline 0.006 -25"><span class='ocrx_word' id='word_1_27' title='bbox 187 351 440 409; x_wconf 75' lang='lat' dir='ltr'>cognitione,</span> <span class='ocrx_word' id='word_1_28' title='bbox 464 364 552 397; x_wconf 90' lang='lat' dir='ltr'><strong>tum</strong></span> <span class='ocrx_word' id='word_1_29' title='bbox 574 360 715 399; x_wconf 64' lang='lat' dir='ltr'><strong>nostra</strong></span> <span class='ocrx_word' id='word_1_30' title='bbox 733 356 1008 399; x_wconf 72' lang='lat' dir='ltr'>familiaritate</span> <span class='ocrx_word' id='word_1_31' title='bbox 1027 358 1110 402; x_wconf 58' lang='lat' dir='ltr'><strong>visa</strong></span> <span class='ocrx_word' id='word_1_32' title='bbox 1132 368 1208 401; x_wconf 77' lang='lat' dir='ltr'><strong>est.</strong></span> <span class='ocrx_word' id='word_1_33' title='bbox 1266 361 1412 417; x_wconf 88' lang='lat' dir='ltr'><strong>Itaque</strong></span> <span class='ocrx_word' id='word_1_34' title='bbox 1443 359 1520 403; x_wconf 84' lang='lat' dir='ltr'><strong>feci</strong></span> <span class='ocrx_word' id='word_1_35' title='bbox 1545 376 1632 402; x_wconf 84' lang='lat' dir='ltr'><strong>non</strong></span> <span class='ocrx_word' id='word_1_36' title='bbox 1654 360 1717 401; x_wconf 89' lang='lat' dir='ltr'><strong>in-</strong></span> 
     </span>
     <span class='ocr_line' id='line_1_6' title="bbox 186 409 1715 472; baseline 0.007 -23"><span class='ocrx_word' id='word_1_37' title='bbox 186 409 309 461; x_wconf 84' lang='lat' dir='ltr'><strong>vitus,</strong></span> <span class='ocrx_word' id='word_1_38' title='bbox 332 422 377 453; x_wconf 91' lang='lat' dir='ltr'><strong>ut</strong></span> <span class='ocrx_word' id='word_1_39' title='bbox 411 413 643 468; x_wconf 77' lang='lat' dir='ltr'>prodessem</span> <span class='ocrx_word' id='word_1_40' title='bbox 676 414 818 457; x_wconf 82' lang='lat' dir='ltr'><strong>multis</strong></span> <span class='ocrx_word' id='word_1_41' title='bbox 850 424 922 456; x_wconf 86' lang='lat' dir='ltr'><strong>tuo</strong></span> <span class='ocrx_word' id='word_1_42' title='bbox 951 427 1106 472; x_wconf 79' lang='lat' dir='ltr'><strong>rogatu.</strong></span> <span class='ocrx_word' id='word_1_43' title='bbox 1170 416 1266 468; x_wconf 84' lang='lat' dir='ltr'><strong>Sed,</strong></span> <span class='ocrx_word' id='word_1_44' title='bbox 1290 428 1335 459; x_wconf 91' lang='lat' dir='ltr'><strong>ut</strong></span> <span class='ocrx_word' id='word_1_45' title='bbox 1367 417 1409 458; x_wconf 88' lang='lat' dir='ltr'><strong>in</strong></span> <span class='ocrx_word' id='word_1_46' title='bbox 1432 417 1592 460; x_wconf 83' lang='lat' dir='ltr'><strong>Catone</strong></span> <span class='ocrx_word' id='word_1_47' title='bbox 1612 419 1715 459; x_wconf 84' lang='lat' dir='ltr'><strong>Ma-</strong></span> 
     </span>
     <span class='ocr_line' id='line_1_7' title="bbox 182 467 1717 526; baseline 0.006 -18"><span class='ocrx_word' id='word_1_48' title='bbox 182 467 286 523; x_wconf 88' lang='lat' dir='ltr'><strong>jore,</strong></span> <span class='ocrx_word' id='word_1_49' title='bbox 305 469 375 525; x_wconf 89' lang='lat' dir='ltr'><strong>qui</strong></span> <span class='ocrx_word' id='word_1_50' title='bbox 405 481 466 512; x_wconf 74' lang='lat' dir='ltr'><strong>est</strong></span> <span class='ocrx_word' id='word_1_51' title='bbox 503 470 677 526; x_wconf 78' lang='lat' dir='ltr'><strong>scriptus</strong></span> <span class='ocrx_word' id='word_1_52' title='bbox 708 472 757 513; x_wconf 86' lang='lat' dir='ltr'><strong>ad</strong></span> <span class='ocrx_word' id='word_1_53' title='bbox 792 483 830 513; x_wconf 85' lang='lat' dir='ltr'><strong>te</strong></span> <span class='ocrx_word' id='word_1_54' title='bbox 854 472 903 512; x_wconf 90' lang='lat' dir='ltr'><strong>de</strong></span> <span class='ocrx_word' id='word_1_55' title='bbox 919 474 1157 524; x_wconf 82' lang='lat' dir='ltr'><strong>Senectute,</strong></span> <span class='ocrx_word' id='word_1_56' title='bbox 1182 474 1387 516; x_wconf 79' lang='lat' dir='ltr'><strong>Catonem</strong></span> <span class='ocrx_word' id='word_1_57' title='bbox 1410 475 1554 517; x_wconf 82' lang='lat' dir='ltr'><strong>induxi</strong></span> <span class='ocrx_word' id='word_1_58' title='bbox 1574 490 1717 517; x_wconf 78' lang='lat' dir='ltr'><strong>senem</strong></span> 
     </span>
     <span class='ocr_line' id='line_1_8' title="bbox 184 524 1718 589; baseline 0.005 -23"><span class='ocrx_word' id='word_1_59' title='bbox 184 524 482 581; x_wconf 76' lang='lat' dir='ltr'><strong>disputantem,</strong></span> <span class='ocrx_word' id='word_1_60' title='bbox 523 528 619 585; x_wconf 78' lang='lat' dir='ltr'><strong>quia</strong></span> <span class='ocrx_word' id='word_1_61' title='bbox 650 528 762 571; x_wconf 82' lang='lat' dir='ltr'><strong>nulla</strong></span> <span class='ocrx_word' id='word_1_62' title='bbox 795 528 1007 574; x_wconf 80' lang='lat' dir='ltr'><strong>videbatur</strong></span> <span class='ocrx_word' id='word_1_63' title='bbox 1035 532 1166 584; x_wconf 79' lang='lat' dir='ltr'><strong>aptior</strong></span> <span class='ocrx_word' id='word_1_64' title='bbox 1200 546 1387 586; x_wconf 87' lang='lat' dir='ltr'><strong>persona,</strong></span> <span class='ocrx_word' id='word_1_65' title='bbox 1422 548 1516 589; x_wconf 87' lang='lat' dir='ltr'><strong>qnae</strong></span> <span class='ocrx_word' id='word_1_66' title='bbox 1550 533 1600 574; x_wconf 89' lang='lat' dir='ltr'><strong>de</strong></span> <span class='ocrx_word' id='word_1_67' title='bbox 1646 532 1718 576; x_wconf 60' lang='lat' dir='ltr'><strong>illa</strong></span> 
     </span>
     <span class='ocr_line' id='line_1_9' title="bbox 184 584 1786 643; baseline 0.006 -20"><span class='ocrx_word' id='word_1_68' title='bbox 184 592 305 624; x_wconf 85' lang='lat' dir='ltr'><strong>aetate</strong></span> <span class='ocrx_word' id='word_1_69' title='bbox 339 584 584 642; x_wconf 80' lang='lat' dir='ltr'><strong>loqueretur,</strong></span> <span class='ocrx_word' id='word_1_70' title='bbox 609 588 736 643; x_wconf 61' lang='lat' dir='ltr'><strong>quim]</strong></span> <span class='ocrx_word' id='word_1_71' title='bbox 757 587 860 643; x_wconf 74' lang='lat' dir='ltr'><strong>ejus,</strong></span> <span class='ocrx_word' id='word_1_72' title='bbox 884 587 954 643; x_wconf 86' lang='lat' dir='ltr'><strong>qui</strong></span> <span class='ocrx_word' id='word_1_73' title='bbox 974 597 1013 628; x_wconf 93' lang='lat' dir='ltr'><strong>et</strong></span> <span class='ocrx_word' id='word_1_74' title='bbox 1033 587 1266 630; x_wconf 72' lang='lat' dir='ltr'><strong>diutissime</strong></span> <span class='ocrx_word' id='word_1_75' title='bbox 1290 605 1414 631; x_wconf 79' lang='lat' dir='ltr'><strong>senex</strong></span> <span class='ocrx_word' id='word_1_76' title='bbox 1436 590 1593 642; x_wconf 77' lang='lat' dir='ltr'><strong>fuisset,</strong></span> <span class='ocrx_word' id='word_1_77' title='bbox 1617 589 1715 632; x_wconf 87' lang='lat' dir='ltr'><strong>etin</strong></span> <span class='ocrx_word' id='word_1_78' title='bbox 1731 597 1786 632; x_wconf 83' lang='lat'><strong>30</strong></span> 
     </span>
     <span class='ocr_line' id='line_1_10' title="bbox 183 639 1717 702; baseline 0.007 -21"><span class='ocrx_word' id='word_1_79' title='bbox 183 639 272 696; x_wconf 60' lang='lat' dir='ltr'><strong>ipsit</strong></span> <span class='ocrx_word' id='word_1_80' title='bbox 294 653 500 685; x_wconf 79' lang='lat' dir='ltr'><strong>senectute</strong></span> <span class='ocrx_word' id='word_1_81' title='bbox 522 659 604 699; x_wconf 90' lang='lat' dir='ltr'><strong>prae</strong></span> <span class='ocrx_word' id='word_1_82' title='bbox 626 642 782 685; x_wconf 87' lang='lat' dir='ltr'><strong>caeteris</strong></span> <span class='ocrx_word' id='word_1_83' title='bbox 803 644 1027 686; x_wconf 63' lang='lat' dir='ltr'><strong>floruisset:</strong></span> <span class='ocrx_word' id='word_1_84' title='bbox 1062 645 1120 687; x_wconf 87' lang='lat' dir='ltr'><strong>sic</strong></span> <span class='ocrx_word' id='word_1_85' title='bbox 1144 649 1242 688; x_wconf 71' lang='lat' dir='ltr'><strong>cum</strong></span> <span class='ocrx_word' id='word_1_86' title='bbox 1266 647 1566 702; x_wconf 74' lang='lat' dir='ltr'><strong>accepissemus</strong></span> <span class='ocrx_word' id='word_1_87' title='bbox 1597 651 1621 690; x_wconf 73' lang='grc' dir='ltr'><strong>ξι</strong></span> <span class='ocrx_word' id='word_1_88' title='bbox 1642 663 1717 701; x_wconf 80' lang='lat' dir='ltr'><strong>pa·</strong></span> 
     </span>
     <span class='ocr_line' id='line_1_11' title="bbox 182 698 1716 759; baseline 0.007 -20"><span class='ocrx_word' id='word_1_89' title='bbox 182 698 312 740; x_wconf 80' lang='lat' dir='ltr'><strong>tribus</strong></span> <span class='ocrx_word' id='word_1_90' title='bbox 345 700 525 743; x_wconf 71' lang='lat' dir='ltr'><strong>maxime</strong></span> <span class='ocrx_word' id='word_1_91' title='bbox 554 700 865 743; x_wconf 78' lang='lat' dir='ltr'><strong>memorabilem</strong></span> <span class='ocrx_word' id='word_1_92' title='bbox 890 703 936 743; x_wconf 74' lang='lat' dir='ltr'><strong>C.</strong></span> <span class='ocrx_word' id='word_1_93' title='bbox 960 701 1082 744; x_wconf 83' lang='lat' dir='ltr'><strong>Laelii</strong></span> <span class='ocrx_word' id='word_1_94' title='bbox 1103 715 1142 746; x_wconf 90' lang='lat' dir='ltr'><strong>et</strong></span> <span class='ocrx_word' id='word_1_95' title='bbox 1165 705 1208 746; x_wconf 83' lang='lat' dir='ltr'><strong>P.</strong></span> <span class='ocrx_word' id='word_1_96' title='bbox 1234 704 1440 759; x_wconf 76' lang='lat' dir='ltr'>Scipionis</span> <span class='ocrx_word' id='word_1_97' title='bbox 1461 705 1716 749; x_wconf 71' lang='lat' dir='ltr'><strong>familiarita-</strong></span> 
     </span>
     <span class='ocr_line' id='line_1_12' title="bbox 183 756 1717 818; baseline 0.005 -21"><span class='ocrx_word' id='word_1_98' title='bbox 183 763 270 798; x_wconf 83' lang='lat' dir='ltr'><strong>tem</strong></span> <span class='ocrx_word' id='word_1_99' title='bbox 291 756 428 810; x_wconf 75' lang='lat' dir='ltr'><strong>fuisse,</strong></span> <span class='ocrx_word' id='word_1_100' title='bbox 452 759 596 800; x_wconf 83' lang='lat' dir='ltr'><strong>idonea</strong></span> <span class='ocrx_word' id='word_1_101' title='bbox 616 758 719 801; x_wconf 84' lang='lat' dir='ltr'><strong>mihi</strong></span> <span class='ocrx_word' id='word_1_102' title='bbox 737 759 858 804; x_wconf 79' lang='lat' dir='ltr'><strong>Laelii</strong></span> <span class='ocrx_word' id='word_1_103' title='bbox 879 775 1052 815; x_wconf 85' lang='lat' dir='ltr'><strong>persona</strong></span> <span class='ocrx_word' id='word_1_104' title='bbox 1085 762 1170 803; x_wconf 78' lang='lat' dir='ltr'><strong>visa</strong></span> <span class='ocrx_word' id='word_1_105' title='bbox 1190 771 1264 811; x_wconf 81' lang='lat' dir='ltr'><strong>est,</strong></span> <span class='ocrx_word' id='word_1_106' title='bbox 1289 778 1383 818; x_wconf 76' lang='lat' dir='ltr'><strong>quae</strong></span> <span class='ocrx_word' id='word_1_107' title='bbox 1400 764 1448 804; x_wconf 88' lang='lat' dir='ltr'><strong>de</strong></span> <span class='ocrx_word' id='word_1_108' title='bbox 1465 762 1652 805; x_wconf 62' lang='lat' dir='ltr'><strong>amicitia</strong></span> <span class='ocrx_word' id='word_1_109' title='bbox 1670 778 1717 805; x_wconf 87' lang='lat' dir='ltr'><strong>ea</strong></span> 
     </span>
     <span class='ocr_line' id='line_1_13' title="bbox 184 813 1715 873; baseline 0.004 -17"><span class='ocrx_word' id='word_1_110' title='bbox 184 813 272 869; x_wconf 86' lang='lat' dir='ltr'><strong>ipsa</strong></span> <span class='ocrx_word' id='word_1_111' title='bbox 289 815 513 867; x_wconf 78' lang='lat' dir='ltr'><strong>dissereret,</strong></span> <span class='ocrx_word' id='word_1_112' title='bbox 537 833 629 873; x_wconf 70' lang='lat' dir='ltr'><strong>qum</strong></span> <span class='ocrx_word' id='word_1_113' title='bbox 649 817 853 873; x_wconf 83' lang='lat' dir='ltr'><strong>disputata</strong></span> <span class='ocrx_word' id='word_1_114' title='bbox 873 818 923 859; x_wconf 85' lang='lat' dir='ltr'><strong>ab</strong></span> <span class='ocrx_word' id='word_1_115' title='bbox 945 833 992 859; x_wconf 91' lang='lat' dir='ltr'><strong>eo</strong></span> <span class='ocrx_word' id='word_1_116' title='bbox 1023 819 1284 860; x_wconf 70' lang='lat' dir='ltr'><strong>meminisset</strong></span> <span class='ocrx_word' id='word_1_117' title='bbox 1305 821 1505 862; x_wconf 79' lang='lat' dir='ltr'><strong>Scaevola.</strong></span> <span class='ocrx_word' id='word_1_118' title='bbox 1569 823 1715 864; x_wconf 87' lang='lat' dir='ltr'><strong>Genus</strong></span> 
     </span>
     <span class='ocr_line' id='line_1_14' title="bbox 182 873 1782 931; baseline 0.004 -18"><span class='ocrx_word' id='word_1_119' title='bbox 182 881 322 914; x_wconf 86' lang='lat' dir='ltr'><strong>autem</strong></span> <span class='ocrx_word' id='word_1_120' title='bbox 351 873 431 914; x_wconf 80' lang='lat' dir='ltr'><strong>hoc</strong></span> <span class='ocrx_word' id='word_1_121' title='bbox 464 889 726 925; x_wconf 62' lang='lat' dir='ltr'><strong>semmurum·</strong></span> <span class='ocrx_word' id='word_1_122' title='bbox 744 874 924 930; x_wconf 84' lang='lat' dir='ltr'><strong>positum</strong></span> <span class='ocrx_word' id='word_1_123' title='bbox 943 875 986 917; x_wconf 88' lang='lat' dir='ltr'><strong>in</strong></span> <span class='ocrx_word' id='word_1_124' title='bbox 1008 876 1228 919; x_wconf 84' lang='lat' dir='ltr'><strong>hominum</strong></span> <span class='ocrx_word' id='word_1_125' title='bbox 1253 887 1433 920; x_wconf 86' lang='lat' dir='ltr'><strong>veterum</strong></span> <span class='ocrx_word' id='word_1_126' title='bbox 1456 878 1712 931; x_wconf 81' lang='lat' dir='ltr'><strong>auctoritate,</strong></span> <span class='ocrx_word' id='word_1_127' title='bbox 1730 886 1782 920; x_wconf 72' lang='lat'><strong>3:-</strong></span> 
     </span>
     <span class='ocr_line' id='line_1_15' title="bbox 182 931 1712 993; baseline 0.005 -23"><span class='ocrx_word' id='word_1_128' title='bbox 182 938 385 972; x_wconf 86' lang='lat' dir='ltr'><strong>eteorum</strong></span> <span class='ocrx_word' id='word_1_129' title='bbox 412 931 648 983; x_wconf 70' lang='lat' dir='ltr'><strong>illustrium,</strong></span> <span class='ocrx_word' id='word_1_130' title='bbox 672 933 762 988; x_wconf 90' lang='lat' dir='ltr'><strong>plus</strong></span> <span class='ocrx_word' id='word_1_131' title='bbox 793 936 932 975; x_wconf 87' lang='lat' dir='ltr'><strong>nescio</strong></span> <span class='ocrx_word' id='word_1_132' title='bbox 968 949 1051 990; x_wconf 89' lang='lat' dir='ltr'><strong>quo</strong></span> <span class='ocrx_word' id='word_1_133' title='bbox 1082 946 1204 990; x_wconf 87' lang='lat' dir='ltr'><strong>pacto</strong></span> <span class='ocrx_word' id='word_1_134' title='bbox 1239 934 1397 977; x_wconf 81' lang='lat' dir='ltr'><strong>videtur</strong></span> <span class='ocrx_word' id='word_1_135' title='bbox 1427 936 1577 979; x_wconf 85' lang='lat' dir='ltr'><strong>habere</strong></span> <span class='ocrx_word' id='word_1_136' title='bbox 1617 952 1712 993; x_wconf 82' lang='lat' dir='ltr'><strong>gra-</strong></span> 
     </span>
     <span class='ocr_line' id='line_1_16' title="bbox 183 987 1709 1048; baseline 0.005 -20"><span class='ocrx_word' id='word_1_137' title='bbox 183 987 331 1030; x_wconf 53' lang='lat' dir='ltr'><strong>vitatis,</strong></span> <span class='ocrx_word' id='word_1_138' title='bbox 395 990 538 1047; x_wconf 77' lang='lat' dir='ltr'><strong>Itaque</strong></span> <span class='ocrx_word' id='word_1_139' title='bbox 569 989 654 1046; x_wconf 90' lang='lat' dir='ltr'><strong>ipse</strong></span> <span class='ocrx_word' id='word_1_140' title='bbox 689 1005 780 1033; x_wconf 88' lang='lat' dir='ltr'><strong>mea</strong></span> <span class='ocrx_word' id='word_1_141' title='bbox 810 990 963 1048; x_wconf 80' lang='lat' dir='ltr'><strong>legens,</strong></span> <span class='ocrx_word' id='word_1_142' title='bbox 998 991 1055 1033; x_wconf 90' lang='lat' dir='ltr'><strong>sic</strong></span> <span class='ocrx_word' id='word_1_143' title='bbox 1090 992 1246 1034; x_wconf 82' lang='lat' dir='ltr'><strong>afficior</strong></span> <span class='ocrx_word' id='word_1_144' title='bbox 1277 993 1499 1045; x_wconf 85' lang='lat' dir='ltr'><strong>interdum,</strong></span> <span class='ocrx_word' id='word_1_145' title='bbox 1538 1005 1583 1035; x_wconf 88' lang='lat' dir='ltr'><strong>ut</strong></span> <span class='ocrx_word' id='word_1_146' title='bbox 1623 995 1709 1036; x_wconf 91' lang='lat' dir='ltr'><strong>Ca-</strong></span> 
     </span>
     <span class='ocr_line' id='line_1_17' title="bbox 182 1048 1712 1104; baseline 0.005 -18"><span class='ocrx_word' id='word_1_147' title='bbox 182 1052 341 1097; x_wconf 86' lang='lat' dir='ltr'><strong>tonem,</strong></span> <span class='ocrx_word' id='word_1_148' title='bbox 363 1061 446 1088; x_wconf 88' lang='lat' dir='ltr'><strong>non</strong></span> <span class='ocrx_word' id='word_1_149' title='bbox 468 1063 537 1090; x_wconf 85' lang='lat' dir='ltr'><strong>mc</strong></span> <span class='ocrx_word' id='word_1_150' title='bbox 558 1048 672 1104; x_wconf 88' lang='lat' dir='ltr'><strong>loqui</strong></span> <span class='ocrx_word' id='word_1_151' title='bbox 693 1048 941 1091; x_wconf 85' lang='lat' dir='ltr'><strong>existimem.</strong></span> <span class='ocrx_word' id='word_1_152' title='bbox 1013 1050 1093 1090; x_wconf 83' lang='lat' dir='ltr'><strong>Sed</strong></span> <span class='ocrx_word' id='word_1_153' title='bbox 1126 1061 1169 1092; x_wconf 92' lang='lat' dir='ltr'><strong>ut</strong></span> <span class='ocrx_word' id='word_1_154' title='bbox 1208 1062 1299 1092; x_wconf 84' lang='lat' dir='ltr'><strong>tum</strong></span> <span class='ocrx_word' id='word_1_155' title='bbox 1326 1052 1376 1092; x_wconf 87' lang='lat' dir='ltr'><strong>ad</strong></span> <span class='ocrx_word' id='word_1_156' title='bbox 1409 1067 1548 1092; x_wconf 78' lang='lat' dir='ltr'><strong>senem</strong></span> <span class='ocrx_word' id='word_1_157' title='bbox 1586 1066 1712 1093; x_wconf 79' lang='lat' dir='ltr'><strong>senex</strong></span> 
     </span>
     <span class='ocr_line' id='line_1_18' title="bbox 181 1102 1709 1157; baseline 0.005 -13"><span class='ocrx_word' id='word_1_158' title='bbox 181 1102 232 1144; x_wconf 88' lang='lat' dir='ltr'><strong>de</strong></span> <span class='ocrx_word' id='word_1_159' title='bbox 251 1106 484 1157; x_wconf 82' lang='lat' dir='ltr'><strong>Senectute,</strong></span> <span class='ocrx_word' id='word_1_160' title='bbox 509 1106 566 1147; x_wconf 80' lang='lat' dir='ltr'><strong>sic</strong></span> <span class='ocrx_word' id='word_1_161' title='bbox 598 1107 677 1146; x_wconf 86' lang='lat' dir='ltr'><strong>hoc</strong></span> <span class='ocrx_word' id='word_1_162' title='bbox 716 1105 821 1147; x_wconf 88' lang='lat' dir='ltr'><strong>libro</strong></span> <span class='ocrx_word' id='word_1_163' title='bbox 851 1107 901 1148; x_wconf 83' lang='lat' dir='ltr'><strong>ad</strong></span> <span class='ocrx_word' id='word_1_164' title='bbox 941 1106 1123 1148; x_wconf 76' lang='lat' dir='ltr'><strong>amicum</strong></span> <span class='ocrx_word' id='word_1_165' title='bbox 1156 1107 1437 1150; x_wconf 60' lang='lat' dir='ltr'><strong>amicissimus</strong></span> <span class='ocrx_word' id='word_1_166' title='bbox 1470 1109 1521 1149; x_wconf 86' lang='lat' dir='ltr'><strong>de</strong></span> <span class='ocrx_word' id='word_1_167' title='bbox 1548 1109 1709 1151; x_wconf 71' lang='lat' dir='ltr'><strong>Amici-</strong></span> 
     </span>
     <span class='ocr_line' id='line_1_19' title="bbox 181 1160 1784 1221; baseline 0.004 -20"><span class='ocrx_word' id='word_1_168' title='bbox 181 1160 240 1202; x_wconf 58' lang='lat' dir='ltr'><strong>tia</strong></span> <span class='ocrx_word' id='word_1_169' title='bbox 258 1161 420 1215; x_wconf 83' lang='lat' dir='ltr'><strong>scripsi.</strong></span> <span class='ocrx_word' id='word_1_170' title='bbox 480 1164 592 1205; x_wconf 88' lang='lat' dir='ltr'><strong>Tum</strong></span> <span class='ocrx_word' id='word_1_171' title='bbox 622 1173 682 1206; x_wconf 88' lang='lat' dir='ltr'><strong>est</strong></span> <span class='ocrx_word' id='word_1_172' title='bbox 717 1163 823 1205; x_wconf 81' lang='lat' dir='ltr'><strong>Cato</strong></span> <span class='ocrx_word' id='word_1_173' title='bbox 854 1163 1032 1216; x_wconf 87' lang='lat' dir='ltr'><strong>locutus,</strong></span> <span class='ocrx_word' id='word_1_174' title='bbox 1071 1180 1154 1221; x_wconf 88' lang='lat' dir='ltr'><strong>quo</strong></span> <span class='ocrx_word' id='word_1_175' title='bbox 1191 1175 1275 1207; x_wconf 77' lang='lat' dir='ltr'><strong>erat</strong></span> <span class='ocrx_word' id='word_1_176' title='bbox 1304 1181 1429 1208; x_wconf 85' lang='lat' dir='ltr'><strong>nemo</strong></span> <span class='ocrx_word' id='word_1_177' title='bbox 1462 1165 1542 1207; x_wconf 77' lang='lat' dir='ltr'><strong>fere</strong></span> <span class='ocrx_word' id='word_1_178' title='bbox 1576 1168 1711 1209; x_wconf 81' lang='lat' dir='ltr'><strong>senior</strong></span> <span class='ocrx_word' id='word_1_179' title='bbox 1727 1175 1784 1208; x_wconf 79' lang='lat'><strong>40</strong></span> 
     </span>
     <span class='ocr_line' id='line_1_20' title="bbox 178 1219 1713 1279; baseline 0.004 -19"><span class='ocrx_word' id='word_1_180' title='bbox 178 1219 433 1276; x_wconf 78' lang='lat' dir='ltr'><strong>temporibus</strong></span> <span class='ocrx_word' id='word_1_181' title='bbox 463 1219 560 1272; x_wconf 84' lang='lat' dir='ltr'><strong>illis,</strong></span> <span class='ocrx_word' id='word_1_182' title='bbox 597 1235 721 1262; x_wconf 88' lang='lat' dir='ltr'><strong>nemo</strong></span> <span class='ocrx_word' id='word_1_183' title='bbox 753 1222 1012 1277; x_wconf 82' lang='lat' dir='ltr'><strong>prudentior:</strong></span> <span class='ocrx_word' id='word_1_184' title='bbox 1046 1238 1158 1264; x_wconf 87' lang='lat' dir='ltr'><strong>nunc</strong></span> <span class='ocrx_word' id='word_1_185' title='bbox 1192 1222 1346 1265; x_wconf 83' lang='lat' dir='ltr'><strong>Laelius</strong></span> <span class='ocrx_word' id='word_1_186' title='bbox 1381 1233 1420 1265; x_wconf 91' lang='lat' dir='ltr'><strong>et</strong></span> <span class='ocrx_word' id='word_1_187' title='bbox 1451 1224 1629 1279; x_wconf 71' lang='lat' dir='ltr'><strong>sapiens,</strong></span> <span class='ocrx_word' id='word_1_188' title='bbox 1654 1224 1713 1266; x_wconf 85' lang='lat' dir='ltr'><strong>sie</strong></span> 
     </span>
     <span class='ocr_line' id='line_1_21' title="bbox 176 1276 1713 1337; baseline 0.005 -20"><span class='ocrx_word' id='word_1_189' title='bbox 176 1285 240 1318; x_wconf 83' lang='lat' dir='ltr'><strong>est</strong></span> <span class='ocrx_word' id='word_1_190' title='bbox 276 1276 390 1332; x_wconf 87' lang='lat' dir='ltr'><strong>enim</strong></span> <span class='ocrx_word' id='word_1_191' title='bbox 440 1278 620 1330; x_wconf 78' lang='lat' dir='ltr'><strong>habitus,</strong></span> <span class='ocrx_word' id='word_1_192' title='bbox 671 1289 711 1321; x_wconf 90' lang='lat' dir='ltr'><strong>et</strong></span> <span class='ocrx_word' id='word_1_193' title='bbox 751 1278 945 1329; x_wconf 83' lang='lat' dir='ltr'><strong>amicitiae</strong></span> <span class='ocrx_word' id='word_1_194' title='bbox 993 1279 1122 1337; x_wconf 59' lang='lat' dir='ltr'><strong>gloria</strong></span> <span class='ocrx_word' id='word_1_195' title='bbox 1161 1281 1379 1333; x_wconf 78' lang='lat' dir='ltr'><strong>excellens,</strong></span> <span class='ocrx_word' id='word_1_196' title='bbox 1431 1281 1480 1323; x_wconf 86' lang='lat' dir='ltr'><strong>de</strong></span> <span class='ocrx_word' id='word_1_197' title='bbox 1525 1280 1713 1324; x_wconf 56' lang='lat' dir='ltr'><strong>amiciti&amp;</strong></span> 
     </span>
     <span class='ocr_line' id='line_1_22' title="bbox 177 1333 1711 1394; baseline 0.004 -19"><span class='ocrx_word' id='word_1_198' title='bbox 177 1333 377 1392; x_wconf 80' lang='lat' dir='ltr'><strong>loquitur.</strong></span> <span class='ocrx_word' id='word_1_199' title='bbox 445 1337 510 1378; x_wconf 88' lang='lat' dir='ltr'><strong>Tu</strong></span> <span class='ocrx_word' id='word_1_200' title='bbox 558 1335 683 1378; x_wconf 90' lang='lat' dir='ltr'><strong>velim</strong></span> <span class='ocrx_word' id='word_1_201' title='bbox 728 1336 916 1379; x_wconf 84' lang='lat' dir='ltr'><strong>animum</strong></span> <span class='ocrx_word' id='word_1_202' title='bbox 948 1340 972 1379; x_wconf 72' lang='grc' dir='ltr'><strong>ἐι</strong></span> <span class='ocrx_word' id='word_1_203' title='bbox 1007 1353 1074 1379; x_wconf 87' lang='lat' dir='ltr'><strong>me</strong></span> <span class='ocrx_word' id='word_1_204' title='bbox 1125 1353 1344 1394; x_wconf 76' lang='lat' dir='ltr'><strong>parumper</strong></span> <span class='ocrx_word' id='word_1_205' title='bbox 1373 1350 1542 1392; x_wconf 80' lang='lat' dir='ltr'><strong>avertas,</strong></span> <span class='ocrx_word' id='word_1_206' title='bbox 1579 1339 1711 1382; x_wconf 82' lang='lat' dir='ltr'><strong>Laeli-</strong></span> 
     </span>
     <span class='ocr_line' id='line_1_23' title="bbox 176 1393 1710 1451; baseline 0.005 -18"><span class='ocrx_word' id='word_1_207' title='bbox 176 1407 254 1435; x_wconf 90' lang='lat' dir='ltr'><strong>um</strong></span> <span class='ocrx_word' id='word_1_208' title='bbox 270 1393 383 1451; x_wconf 89' lang='lat' dir='ltr'><strong>loqui</strong></span> <span class='ocrx_word' id='word_1_209' title='bbox 405 1393 541 1450; x_wconf 86' lang='lat' dir='ltr'><strong>ipsum</strong></span> <span class='ocrx_word' id='word_1_210' title='bbox 564 1405 694 1450; x_wconf 85' lang='lat' dir='ltr'><strong>putes.</strong></span> <span class='ocrx_word' id='word_1_211' title='bbox 758 1395 809 1436; x_wconf 88' lang='lat' dir='ltr'><strong>C.</strong></span> <span class='ocrx_word' id='word_1_212' title='bbox 842 1395 1024 1436; x_wconf 85' lang='lat' dir='ltr'><strong>Fannius</strong></span> <span class='ocrx_word' id='word_1_213' title='bbox 1058 1407 1098 1437; x_wconf 82' lang='lat' dir='ltr'><strong>et</strong></span> <span class='ocrx_word' id='word_1_214' title='bbox 1133 1397 1187 1440; x_wconf 75' lang='lat' dir='ltr'><strong>Q„</strong></span> <span class='ocrx_word' id='word_1_215' title='bbox 1220 1397 1395 1438; x_wconf 79' lang='lat' dir='ltr'><strong>Mucius</strong></span> <span class='ocrx_word' id='word_1_216' title='bbox 1429 1397 1479 1439; x_wconf 82' lang='lat' dir='ltr'><strong>ad</strong></span> <span class='ocrx_word' id='word_1_217' title='bbox 1521 1413 1710 1440; x_wconf 75' lang='lat' dir='ltr'><strong>socerum</strong></span> 
     </span>
     <span class='ocr_line' id='line_1_24' title="bbox 179 1451 1782 1511; baseline 0.003 -19"><span class='ocrx_word' id='word_1_218' title='bbox 179 1451 350 1493; x_wconf 82' lang='lat' dir='ltr'><strong>veniunt</strong></span> <span class='ocrx_word' id='word_1_219' title='bbox 384 1461 475 1508; x_wconf 88' lang='lat' dir='ltr'><strong>post</strong></span> <span class='ocrx_word' id='word_1_220' title='bbox 513 1462 689 1494; x_wconf 86' lang='lat' dir='ltr'><strong>mortem</strong></span> <span class='ocrx_word' id='word_1_221' title='bbox 720 1451 936 1504; x_wconf 83' lang='lat' dir='ltr'><strong>Africani3</strong></span> <span class='ocrx_word' id='word_1_222' title='bbox 968 1453 1018 1495; x_wconf 90' lang='lat' dir='ltr'><strong>ab</strong></span> <span class='ocrx_word' id='word_1_223' title='bbox 1049 1453 1113 1500; x_wconf 88' lang='lat' dir='ltr'><strong>his</strong></span> <span class='ocrx_word' id='word_1_224' title='bbox 1147 1468 1281 1495; x_wconf 70' lang='lat' dir='ltr'><strong>sermo</strong></span> <span class='ocrx_word' id='word_1_225' title='bbox 1302 1455 1457 1497; x_wconf 81' lang='lat' dir='ltr'><strong>oritur:</strong></span> <span class='ocrx_word' id='word_1_226' title='bbox 1493 1456 1710 1511; x_wconf 84' lang='lat' dir='ltr'><strong>respondet</strong></span> <span class='ocrx_word' id='word_1_227' title='bbox 1724 1461 1782 1497; x_wconf 82' lang='grc'><strong>45</strong></span> 
     </span>
     <span class='ocr_line' id='line_1_25' title="bbox 177 1509 1710 1571; baseline 0.004 -21"><span class='ocrx_word' id='word_1_228' title='bbox 177 1509 361 1553; x_wconf 76' lang='lat' dir='ltr'><strong>Lae-lius:</strong></span> <span class='ocrx_word' id='word_1_229' title='bbox 395 1511 512 1568; x_wconf 86' lang='lat' dir='ltr'><strong>cujus</strong></span> <span class='ocrx_word' id='word_1_230' title='bbox 551 1520 637 1553; x_wconf 73' lang='lat' dir='ltr'><strong>tota</strong></span> <span class='ocrx_word' id='word_1_231' title='bbox 667 1510 887 1567; x_wconf 86' lang='lat' dir='ltr'><strong>disputatio</strong></span> <span class='ocrx_word' id='word_1_232' title='bbox 927 1522 987 1556; x_wconf 81' lang='lat' dir='ltr'><strong>est</strong></span> <span class='ocrx_word' id='word_1_233' title='bbox 1022 1511 1072 1553; x_wconf 85' lang='lat' dir='ltr'><strong>dc</strong></span> <span class='ocrx_word' id='word_1_234' title='bbox 1105 1511 1327 1565; x_wconf 55' lang='lat' dir='ltr'><strong>Amicitia,</strong></span> <span class='ocrx_word' id='word_1_235' title='bbox 1350 1527 1477 1570; x_wconf 77' lang='lat' dir='ltr'><strong>quam</strong></span> <span class='ocrx_word' id='word_1_236' title='bbox 1505 1512 1643 1571; x_wconf 86' lang='lat' dir='ltr'><strong>legens</strong></span> <span class='ocrx_word' id='word_1_237' title='bbox 1664 1522 1710 1556; x_wconf 86' lang='lat' dir='ltr'><strong>tu</strong></span> 
     </span>
     <span class='ocr_line' id='line_1_26' title="bbox 180 1582 523 1624; baseline 0.003 -15"><span class='ocrx_word' id='word_1_238' title='bbox 180 1582 267 1623; x_wconf 67' lang='lat' dir='ltr'><strong>ipse</strong></span> <span class='ocrx_word' id='word_1_239' title='bbox 289 1582 523 1624; x_wconf 83' lang='lat' dir='ltr'><strong>cognosces.</strong></span> 
     </span>
     <span class='ocr_line' id='line_1_27' title="bbox 236 1625 1707 1680; baseline 0.003 -13"><span class='ocrx_word' id='word_1_240' title='bbox 236 1626 294 1668; x_wconf 90' lang='grc' dir='ltr'><strong>ΙΙ.</strong></span> <span class='ocrx_word' id='word_1_241' title='bbox 326 1626 533 1667; x_wconf 68' lang='lat' dir='ltr'><strong>ffimm&#39;us.</strong></span> <span class='ocrx_word' id='word_1_242' title='bbox 592 1625 695 1668; x_wconf 89' lang='lat' dir='ltr'><strong>Sunt</strong></span> <span class='ocrx_word' id='word_1_243' title='bbox 725 1626 816 1677; x_wconf 81' lang='lat' dir='ltr'><strong>ista,</strong></span> <span class='ocrx_word' id='word_1_244' title='bbox 852 1626 951 1668; x_wconf 79' lang='lat' dir='ltr'><strong>Laeli</strong></span> <span class='ocrx_word' id='word_1_245' title='bbox 970 1644 982 1680; x_wconf 92' lang='lat'>;</span> <span class='ocrx_word' id='word_1_246' title='bbox 1016 1643 1091 1669; x_wconf 87' lang='lat' dir='ltr'><strong>nec</strong></span> <span class='ocrx_word' id='word_1_247' title='bbox 1112 1626 1226 1670; x_wconf 89' lang='lat' dir='ltr'><strong>enim</strong></span> <span class='ocrx_word' id='word_1_248' title='bbox 1246 1628 1391 1675; x_wconf 86' lang='lat' dir='ltr'><strong>melior</strong></span> <span class='ocrx_word' id='word_1_249' title='bbox 1409 1627 1470 1670; x_wconf 82' lang='lat' dir='ltr'><strong>vir</strong></span> <span class='ocrx_word' id='word_1_250' title='bbox 1489 1628 1568 1672; x_wconf 84' lang='lat' dir='ltr'><strong>fuit</strong></span> <span class='ocrx_word' id='word_1_251' title='bbox 1587 1628 1707 1672; x_wconf 86' lang='lat' dir='ltr'><strong>Afri-</strong></span> 
     </span>
     <span class='ocr_line' id='line_1_28' title="bbox 177 1683 1709 1741; baseline 0.004 -17"><span class='ocrx_word' id='word_1_252' title='bbox 177 1698 283 1725; x_wconf 86' lang='lat' dir='ltr'><strong>cano</strong></span> <span class='ocrx_word' id='word_1_253' title='bbox 304 1683 541 1741; x_wconf 85' lang='lat' dir='ltr'><strong>quisquam,</strong></span> <span class='ocrx_word' id='word_1_254' title='bbox 559 1699 635 1726; x_wconf 88' lang='lat' dir='ltr'><strong>nec</strong></span> <span class='ocrx_word' id='word_1_255' title='bbox 656 1684 801 1727; x_wconf 78' lang='lat' dir='ltr'><strong>clarior</strong></span> <span class='ocrx_word' id='word_1_256' title='bbox 817 1702 829 1737; x_wconf 85' lang='lat'>3</span> <span class='ocrx_word' id='word_1_257' title='bbox 863 1686 931 1726; x_wconf 73' lang='lat' dir='ltr'><strong>sed</strong></span> <span class='ocrx_word' id='word_1_258' title='bbox 948 1685 1185 1728; x_wconf 74' lang='lat' dir='ltr'><strong>existimare</strong></span> <span class='ocrx_word' id='word_1_259' title='bbox 1198 1687 1337 1740; x_wconf 87' lang='lat' dir='ltr'><strong>debes,</strong></span> <span class='ocrx_word' id='word_1_260' title='bbox 1354 1687 1546 1731; x_wconf 87' lang='lat' dir='ltr'><strong>omnium</strong></span> <span class='ocrx_word' id='word_1_261' title='bbox 1563 1687 1709 1730; x_wconf 88' lang='lat' dir='ltr'><strong>oculos</strong></span> 
     </span>
     <span class='ocr_line' id='line_1_29' title="bbox 176 1741 1706 1800; baseline 0.004 -18"><span class='ocrx_word' id='word_1_262' title='bbox 176 1741 222 1782; x_wconf 84' lang='lat' dir='ltr'><strong>in</strong></span> <span class='ocrx_word' id='word_1_263' title='bbox 235 1750 272 1783; x_wconf 91' lang='lat' dir='ltr'><strong>te</strong></span> <span class='ocrx_word' id='word_1_264' title='bbox 289 1757 374 1783; x_wconf 85' lang='lat' dir='ltr'><strong>esse</strong></span> <span class='ocrx_word' id='word_1_265' title='bbox 392 1742 601 1799; x_wconf 73' lang='lat' dir='ltr'><strong>conjectos</strong></span> <span class='ocrx_word' id='word_1_266' title='bbox 619 1761 625 1784; x_wconf 79' lang='lat' dir='ltr'>z</span> <span class='ocrx_word' id='word_1_267' title='bbox 658 1758 789 1784; x_wconf 87' lang='lat' dir='ltr'><strong>unum</strong></span> <span class='ocrx_word' id='word_1_268' title='bbox 808 1753 846 1784; x_wconf 85' lang='lat' dir='ltr'><strong>te</strong></span> <span class='ocrx_word' id='word_1_269' title='bbox 863 1743 1087 1799; x_wconf 78' lang='lat' dir='ltr'><strong>sapientem</strong></span> <span class='ocrx_word' id='word_1_270' title='bbox 1105 1754 1143 1785; x_wconf 90' lang='lat' dir='ltr'><strong>et</strong></span> <span class='ocrx_word' id='word_1_271' title='bbox 1158 1745 1366 1800; x_wconf 82' lang='lat' dir='ltr'><strong>appellant</strong></span> <span class='ocrx_word' id='word_1_272' title='bbox 1382 1754 1421 1786; x_wconf 92' lang='lat' dir='ltr'><strong>et</strong></span> <span class='ocrx_word' id='word_1_273' title='bbox 1436 1745 1706 1798; x_wconf 73' lang='lat' dir='ltr'><strong>existimant3</strong></span> 
     </span>
     <span class='ocr_line' id='line_1_30' title="bbox 178 1798 1798 1860; baseline 0.001 -19"><span class='ocrx_word' id='word_1_274' title='bbox 178 1798 433 1842; x_wconf 88' lang='lat' dir='ltr'><strong>tribuebatur</strong></span> <span class='ocrx_word' id='word_1_275' title='bbox 452 1801 532 1842; x_wconf 91' lang='lat' dir='ltr'><strong>hoc</strong></span> <span class='ocrx_word' id='word_1_276' title='bbox 554 1800 681 1842; x_wconf 80' lang='lat' dir='ltr'><strong>modo</strong></span> <span class='ocrx_word' id='word_1_277' title='bbox 715 1802 784 1843; x_wconf 91' lang='lat' dir='ltr'><strong>M.</strong></span> <span class='ocrx_word' id='word_1_278' title='bbox 808 1801 986 1854; x_wconf 81' lang='lat' dir='ltr'><strong>Catoni3</strong></span> <span class='ocrx_word' id='word_1_279' title='bbox 1021 1801 1175 1844; x_wconf 79' lang='lat' dir='ltr'><strong>scimus</strong></span> <span class='ocrx_word' id='word_1_280' title='bbox 1206 1803 1257 1843; x_wconf 92' lang='lat' dir='ltr'><strong>L.</strong></span> <span class='ocrx_word' id='word_1_281' title='bbox 1292 1802 1472 1845; x_wconf 84' lang='lat' dir='ltr'><strong>Atilium</strong></span> <span class='ocrx_word' id='word_1_282' title='bbox 1501 1804 1607 1859; x_wconf 86' lang='lat' dir='ltr'><strong>apud</strong></span> <span class='ocrx_word' id='word_1_283' title='bbox 1635 1819 1710 1860; x_wconf 85' lang='lat' dir='ltr'><strong>pa·</strong></span> <span class='ocrx_word' id='word_1_284' title='bbox 1773 1825 1798 1843; x_wconf 64' lang='lat' dir='ltr'><strong>r-</strong></span> 
     </span>
     <span class='ocr_line' id='line_1_31' title="bbox 176 1858 1779 1918; baseline 0.003 -19"><span class='ocrx_word' id='word_1_285' title='bbox 176 1866 256 1899; x_wconf 80' lang='lat' dir='ltr'><strong>tres</strong></span> <span class='ocrx_word' id='word_1_286' title='bbox 277 1867 437 1900; x_wconf 87' lang='lat' dir='ltr'><strong>nostros</strong></span> <span class='ocrx_word' id='word_1_287' title='bbox 459 1858 708 1914; x_wconf 84' lang='lat' dir='ltr'><strong>appellatum</strong></span> <span class='ocrx_word' id='word_1_288' title='bbox 730 1874 816 1900; x_wconf 80' lang='lat' dir='ltr'><strong>esse</strong></span> <span class='ocrx_word' id='word_1_289' title='bbox 836 1860 1089 1915; x_wconf 78' lang='lat' dir='ltr'><strong>sapientem3</strong></span> <span class='ocrx_word' id='word_1_290' title='bbox 1123 1860 1190 1901; x_wconf 87' lang='lat' dir='ltr'><strong>sed</strong></span> <span class='ocrx_word' id='word_1_291' title='bbox 1213 1870 1382 1918; x_wconf 82' lang='lat' dir='ltr'><strong>uterque</strong></span> <span class='ocrx_word' id='word_1_292' title='bbox 1412 1861 1491 1902; x_wconf 87' lang='lat' dir='ltr'><strong>alio</strong></span> <span class='ocrx_word' id='word_1_293' title='bbox 1522 1862 1703 1918; x_wconf 87' lang='lat' dir='ltr'><strong>quodam</strong></span> <span class='ocrx_word' id='word_1_294' title='bbox 1754 1870 1779 1904; x_wconf 88' lang='lat'><em>5</em></span> 
     </span>
     <span class='ocr_line' id='line_1_32' title="bbox 176 1915 1705 1975; baseline 0.003 -18"><span class='ocrx_word' id='word_1_295' title='bbox 176 1915 327 1958; x_wconf 79' lang='lat' dir='ltr'><strong>modo:</strong></span> <span class='ocrx_word' id='word_1_296' title='bbox 374 1915 545 1968; x_wconf 88' lang='lat' dir='ltr'><strong>Atilius,</strong></span> <span class='ocrx_word' id='word_1_297' title='bbox 569 1916 865 1973; x_wconf 83' lang='lat' dir='ltr'><strong>quiaprudcns</strong></span> <span class='ocrx_word' id='word_1_298' title='bbox 900 1933 984 1960; x_wconf 88' lang='lat' dir='ltr'><strong>esse</strong></span> <span class='ocrx_word' id='word_1_299' title='bbox 1020 1918 1168 1975; x_wconf 85' lang='lat' dir='ltr'><strong>injure</strong></span> <span class='ocrx_word' id='word_1_300' title='bbox 1189 1918 1298 1960; x_wconf 75' lang='lat' dir='ltr'><strong>civili</strong></span> <span class='ocrx_word' id='word_1_301' title='bbox 1321 1918 1568 1975; x_wconf 86' lang='lat' dir='ltr'><strong>putabatur:</strong></span> <span class='ocrx_word' id='word_1_302' title='bbox 1619 1920 1705 1962; x_wconf 88' lang='lat' dir='ltr'><strong>Ca-</strong></span> 
     </span>
     <span class='ocr_line' id='line_1_33' title="bbox 176 1970 1705 2035; baseline 0.001 -18"><span class='ocrx_word' id='word_1_303' title='bbox 176 1984 236 2026; x_wconf 85' lang='lat' dir='ltr'><strong>to,</strong></span> <span class='ocrx_word' id='word_1_304' title='bbox 263 1973 360 2031; x_wconf 84' lang='lat' dir='ltr'><strong>quia</strong></span> <span class='ocrx_word' id='word_1_305' title='bbox 377 1970 605 2016; x_wconf 81' lang='lat' dir='ltr'><strong>multarum</strong></span> <span class='ocrx_word' id='word_1_306' title='bbox 635 1989 769 2016; x_wconf 88' lang='lat' dir='ltr'><strong>rerum</strong></span> <span class='ocrx_word' id='word_1_307' title='bbox 803 1990 925 2017; x_wconf 86' lang='lat' dir='ltr'><strong>usum</strong></span> <span class='ocrx_word' id='word_1_308' title='bbox 960 1975 1326 2018; x_wconf 73' lang='lat' dir='ltr'><strong>habebatz‘multa</strong></span> <span class='ocrx_word' id='word_1_309' title='bbox 1353 1978 1438 2035; x_wconf 89' lang='lat' dir='ltr'><strong>ejus</strong></span> <span class='ocrx_word' id='word_1_310' title='bbox 1475 1986 1515 2018; x_wconf 86' lang='lat' dir='ltr'><strong>et</strong></span> <span class='ocrx_word' id='word_1_311' title='bbox 1547 1976 1593 2018; x_wconf 87' lang='lat' dir='ltr'><strong>in</strong></span> <span class='ocrx_word' id='word_1_312' title='bbox 1627 1978 1705 2019; x_wconf 87' lang='lat' dir='ltr'><strong>Se-</strong></span> 
     </span>
     <span class='ocr_line' id='line_1_34' title="bbox 175 2031 1708 2090; baseline 0.001 -15"><span class='ocrx_word' id='word_1_313' title='bbox 175 2041 278 2075; x_wconf 84' lang='lat' dir='ltr'><strong>natu</strong></span> <span class='ocrx_word' id='word_1_314' title='bbox 313 2041 354 2073; x_wconf 90' lang='lat' dir='ltr'><strong>et</strong></span> <span class='ocrx_word' id='word_1_315' title='bbox 387 2031 436 2073; x_wconf 36' lang='lat' dir='ltr'><strong>in*</strong></span> <span class='ocrx_word' id='word_1_316' title='bbox 459 2032 547 2085; x_wconf 72' lang='lat' dir='ltr'><strong>foro</strong></span> <span class='ocrx_word' id='word_1_317' title='bbox 587 2033 646 2074; x_wconf 86' lang='lat' dir='ltr'><strong>vel</strong></span> <span class='ocrx_word' id='word_1_318' title='bbox 687 2032 847 2088; x_wconf 85' lang='lat' dir='ltr'><strong>provisa</strong></span> <span class='ocrx_word' id='word_1_319' title='bbox 878 2034 1112 2090; x_wconf 87' lang='lat' dir='ltr'><strong>prudenter,</strong></span> <span class='ocrx_word' id='word_1_320' title='bbox 1147 2033 1207 2075; x_wconf 84' lang='lat' dir='ltr'><strong>vel</strong></span> <span class='ocrx_word' id='word_1_321' title='bbox 1241 2044 1330 2076; x_wconf 85' lang='lat' dir='ltr'><strong>acta</strong></span> <span class='ocrx_word' id='word_1_322' title='bbox 1371 2045 1620 2088; x_wconf 85' lang='lat' dir='ltr'><strong>constanter,</strong></span> <span class='ocrx_word' id='word_1_323' title='bbox 1644 2035 1708 2077; x_wconf 84' lang='lat' dir='ltr'><strong>vel</strong></span> 
     </span>
     <span class='ocr_line' id='line_1_35' title="bbox 177 2088 1704 2150; baseline 0.002 -18"><span class='ocrx_word' id='word_1_324' title='bbox 177 2105 370 2145; x_wconf 81' lang='lat' dir='ltr'><strong>responsa</strong></span> <span class='ocrx_word' id='word_1_325' title='bbox 403 2093 521 2131; x_wconf 76' lang='lat' dir='ltr'><strong>acute</strong></span> <span class='ocrx_word' id='word_1_326' title='bbox 559 2088 817 2143; x_wconf 80' lang='lat' dir='ltr'><strong>ferebantur3</strong></span> <span class='ocrx_word' id='word_1_327' title='bbox 860 2091 1215 2148; x_wconf 55' lang='lat' dir='ltr'><strong>propterea&#39;quasi</strong></span> <span class='ocrx_word' id='word_1_328' title='bbox 1254 2108 1487 2150; x_wconf 79' lang='lat' dir='ltr'><strong>cognomen</strong></span> <span class='ocrx_word' id='word_1_329' title='bbox 1510 2092 1604 2149; x_wconf 84' lang='lat' dir='ltr'><strong>jam</strong></span> <span class='ocrx_word' id='word_1_330' title='bbox 1627 2093 1704 2135; x_wconf 83' lang='lat' dir='ltr'><strong>ha-</strong></span> 
     </span>
     <span class='ocr_line' id='line_1_36' title="bbox 167 2147 1782 2207; baseline 0.001 -15"><span class='ocrx_word' id='word_1_331' title='bbox 167 2149 302 2191; x_wconf 81' lang='lat' dir='ltr'><strong>bebat</strong></span> <span class='ocrx_word' id='word_1_332' title='bbox 322 2147 366 2188; x_wconf 89' lang='lat' dir='ltr'><strong>in</strong></span> <span class='ocrx_word' id='word_1_333' title='bbox 387 2158 592 2190; x_wconf 83' lang='lat' dir='ltr'><strong>senectute</strong></span> <span class='ocrx_word' id='word_1_334' title='bbox 613 2147 836 2204; x_wconf 77' lang='lat' dir='ltr'><strong>sapientis3</strong></span> <span class='ocrx_word' id='word_1_335' title='bbox 869 2159 907 2190; x_wconf 88' lang='lat' dir='ltr'><strong>te</strong></span> <span class='ocrx_word' id='word_1_336' title='bbox 946 2159 1082 2192; x_wconf 82' lang='lat' dir='ltr'><strong>autem</strong></span> <span class='ocrx_word' id='word_1_337' title='bbox 1118 2149 1196 2191; x_wconf 86' lang='lat' dir='ltr'><strong>alio</strong></span> <span class='ocrx_word' id='word_1_338' title='bbox 1227 2151 1408 2207; x_wconf 84' lang='lat' dir='ltr'><strong>quodam</strong></span> <span class='ocrx_word' id='word_1_339' title='bbox 1445 2151 1588 2203; x_wconf 86' lang='lat' dir='ltr'><strong>modo,</strong></span> <span class='ocrx_word' id='word_1_340' title='bbox 1620 2166 1704 2193; x_wconf 89' lang='lat' dir='ltr'><strong>non</strong></span> <span class='ocrx_word' id='word_1_341' title='bbox 1729 2159 1782 2194; x_wconf 86' lang='lat'><strong>10</strong></span> 
     </span>
     <span class='ocr_line' id='line_1_37' title="bbox 177 2205 1707 2259; baseline 0.001 -10"><span class='ocrx_word' id='word_1_342' title='bbox 177 2207 316 2249; x_wconf 81' lang='lat' dir='ltr'><strong>solum</strong></span> <span class='ocrx_word' id='word_1_343' title='bbox 352 2206 501 2247; x_wconf 58' lang='lat' dir='ltr'><strong>natur-cr</strong></span> <span class='ocrx_word' id='word_1_344' title='bbox 537 2216 577 2248; x_wconf 90' lang='lat' dir='ltr'><strong>et</strong></span> <span class='ocrx_word' id='word_1_345' title='bbox 609 2205 812 2259; x_wconf 83' lang='lat' dir='ltr'><strong>moribus,</strong></span> <span class='ocrx_word' id='word_1_346' title='bbox 846 2209 989 2249; x_wconf 77' lang='lat' dir='ltr'><strong>verum</strong></span> <span class='ocrx_word' id='word_1_347' title='bbox 1027 2208 1151 2250; x_wconf 81' lang='lat' dir='ltr'><strong>etiam</strong></span> <span class='ocrx_word' id='word_1_348' title='bbox 1187 2208 1321 2250; x_wconf 84' lang='lat' dir='ltr'><strong>studio</strong></span> <span class='ocrx_word' id='word_1_349' title='bbox 1354 2219 1393 2251; x_wconf 90' lang='lat' dir='ltr'><strong>et</strong></span> <span class='ocrx_word' id='word_1_350' title='bbox 1414 2208 1602 2251; x_wconf 58' lang='lat' dir='ltr'><strong>doctrina</strong></span> <span class='ocrx_word' id='word_1_351' title='bbox 1620 2224 1707 2251; x_wconf 88' lang='lat' dir='ltr'><strong>esse</strong></span> 
     </span>
     <span class='ocr_line' id='line_1_38' title="bbox 147 2263 1704 2324; baseline 0.002 -18"><span class='ocrx_word' id='word_1_352' title='bbox 147 2290 149 2292; x_wconf 89' lang='lat'><em>-</em></span> <span class='ocrx_word' id='word_1_353' title='bbox 179 2265 431 2321; x_wconf 84' lang='lat' dir='ltr'><strong>sapientem:</strong></span> <span class='ocrx_word' id='word_1_354' title='bbox 465 2279 541 2306; x_wconf 89' lang='lat' dir='ltr'><strong>nec</strong></span> <span class='ocrx_word' id='word_1_355' title='bbox 567 2263 673 2306; x_wconf 88' lang='lat' dir='ltr'><strong>sicut</strong></span> <span class='ocrx_word' id='word_1_356' title='bbox 707 2264 868 2322; x_wconf 79' lang='lat' dir='ltr'><strong>vulgus,</strong></span> <span class='ocrx_word' id='word_1_357' title='bbox 891 2266 958 2308; x_wconf 71' lang='lat' dir='ltr'><strong>sed</strong></span> <span class='ocrx_word' id='word_1_358' title='bbox 991 2275 1035 2307; x_wconf 88' lang='lat' dir='ltr'><strong>ut</strong></span> <span class='ocrx_word' id='word_1_359' title='bbox 1070 2265 1219 2308; x_wconf 74' lang='lat' dir='ltr'><strong>eruditi</strong></span> <span class='ocrx_word' id='word_1_360' title='bbox 1254 2266 1386 2308; x_wconf 80' lang='lat' dir='ltr'><strong>solent</strong></span> <span class='ocrx_word' id='word_1_361' title='bbox 1415 2267 1616 2324; x_wconf 82' lang='lat' dir='ltr'><strong>appellare</strong></span> <span class='ocrx_word' id='word_1_362' title='bbox 1639 2283 1704 2309; x_wconf 81' lang='lat' dir='ltr'><strong>sa-</strong></span> 
     </span>
     <span class='ocr_line' id='line_1_39' title="bbox 176 2322 1707 2382; baseline 0.001 -18"><span class='ocrx_word' id='word_1_363' title='bbox 176 2323 376 2380; x_wconf 88' lang='lat' dir='ltr'><strong>pientem,</strong></span> <span class='ocrx_word' id='word_1_364' title='bbox 410 2322 577 2378; x_wconf 86' lang='lat' dir='ltr'><strong>qualem</strong></span> <span class='ocrx_word' id='word_1_365' title='bbox 617 2323 658 2364; x_wconf 91' lang='lat' dir='ltr'><strong>in</strong></span> <span class='ocrx_word' id='word_1_366' title='bbox 691 2325 777 2365; x_wconf 60' lang='lat' dir='ltr'><strong>roffi</strong></span> <span class='ocrx_word' id='word_1_367' title='bbox 808 2323 976 2366; x_wconf 56' lang='lat' dir='ltr'><strong>Gra-ecia</strong></span> <span class='ocrx_word' id='word_1_368' title='bbox 1010 2323 1247 2366; x_wconf 80' lang='lat' dir='ltr'><strong>neminem:</strong></span> <span class='ocrx_word' id='word_1_369' title='bbox 1296 2339 1395 2366; x_wconf 87' lang='lat' dir='ltr'><strong>nam</strong></span> <span class='ocrx_word' id='word_1_370' title='bbox 1427 2325 1498 2382; x_wconf 84' lang='lat' dir='ltr'><strong>qui</strong></span> <span class='ocrx_word' id='word_1_371' title='bbox 1544 2334 1707 2382; x_wconf 25' lang='lat' dir='ltr'><strong>*septem</strong></span> 
     </span>
     <span class='ocr_line' id='line_1_40' title="bbox 175 2378 1707 2439; baseline -0.001 -15"><span class='ocrx_word' id='word_1_372' title='bbox 175 2378 447 2438; x_wconf 82' lang='lat' dir='ltr'><strong>appellantur,</strong></span> <span class='ocrx_word' id='word_1_373' title='bbox 469 2394 552 2431; x_wconf 73' lang='lat' dir='ltr'><strong>eOS,</strong></span> <span class='ocrx_word' id='word_1_374' title='bbox 576 2379 648 2437; x_wconf 85' lang='lat' dir='ltr'><strong>qui</strong></span> <span class='ocrx_word' id='word_1_375' title='bbox 682 2380 758 2422; x_wconf 85' lang='lat' dir='ltr'><strong>ista</strong></span> <span class='ocrx_word' id='word_1_376' title='bbox 787 2381 978 2424; x_wconf 77' lang='lat' dir='ltr'><strong>subtilius</strong></span> <span class='ocrx_word' id='word_1_377' title='bbox 1009 2391 1217 2439; x_wconf 63' lang='lat' dir='ltr'><strong>quaerunt,</strong></span> <span class='ocrx_word' id='word_1_378' title='bbox 1258 2381 1301 2424; x_wconf 87' lang='lat' dir='ltr'><strong>in</strong></span> <span class='ocrx_word' id='word_1_379' title='bbox 1339 2397 1513 2424; x_wconf 82' lang='lat' dir='ltr'><strong>numero</strong></span> <span class='ocrx_word' id='word_1_380' title='bbox 1545 2381 1707 2437; x_wconf 81' lang='lat' dir='ltr'><strong>sapien-</strong></span> 
     </span>
     <span class='ocr_line' id='line_1_41' title="bbox 177 2437 1778 2497; baseline -0.001 -15"><span class='ocrx_word' id='word_1_381' title='bbox 177 2439 285 2482; x_wconf 84' lang='lat' dir='ltr'><strong>tium</strong></span> <span class='ocrx_word' id='word_1_382' title='bbox 306 2453 391 2478; x_wconf 85' lang='lat' dir='ltr'><strong>non</strong></span> <span class='ocrx_word' id='word_1_383' title='bbox 417 2437 585 2479; x_wconf 81' lang='lat' dir='ltr'><strong>habent.</strong></span> <span class='ocrx_word' id='word_1_384' title='bbox 646 2438 834 2480; x_wconf 74' lang='lat' dir='ltr'><strong>Athenis</strong></span> <span class='ocrx_word' id='word_1_385' title='bbox 864 2455 996 2481; x_wconf 87' lang='lat' dir='ltr'><strong>unum</strong></span> <span class='ocrx_word' id='word_1_386' title='bbox 1043 2439 1294 2496; x_wconf 85' lang='lat' dir='ltr'><strong>accepimus,</strong></span> <span class='ocrx_word' id='word_1_387' title='bbox 1326 2449 1366 2481; x_wconf 89' lang='lat' dir='ltr'><strong>et</strong></span> <span class='ocrx_word' id='word_1_388' title='bbox 1407 2455 1502 2481; x_wconf 84' lang='lat' dir='ltr'><strong>eum</strong></span> <span class='ocrx_word' id='word_1_389' title='bbox 1536 2439 1706 2497; x_wconf 86' lang='lat' dir='ltr'><strong>quidem</strong></span> <span class='ocrx_word' id='word_1_390' title='bbox 1729 2446 1778 2485; x_wconf 85' lang='lat'><strong>15</strong></span> 
     </span>
     <span class='ocr_line' id='line_1_42' title="bbox 178 2494 1708 2554; baseline -0.001 -15"><span class='ocrx_word' id='word_1_391' title='bbox 178 2496 304 2540; x_wconf 86' lang='lat' dir='ltr'><strong>etiam</strong></span> <span class='ocrx_word' id='word_1_392' title='bbox 336 2494 541 2551; x_wconf 81' lang='lat' dir='ltr'><strong>Apollinis</strong></span> <span class='ocrx_word' id='word_1_393' title='bbox 563 2495 728 2537; x_wconf 86' lang='lat' dir='ltr'><strong>oraculo</strong></span> <span class='ocrx_word' id='word_1_394' title='bbox 749 2496 1099 2553; x_wconf 77' lang='lat' dir='ltr'><strong>sapientissimum</strong></span> <span class='ocrx_word' id='word_1_395' title='bbox 1115 2497 1350 2554; x_wconf 87' lang='lat' dir='ltr'><strong>judicatum</strong></span> <span class='ocrx_word' id='word_1_396' title='bbox 1369 2514 1378 2538; x_wconf 88' lang='lat'>:</span> <span class='ocrx_word' id='word_1_397' title='bbox 1413 2498 1521 2540; x_wconf 87' lang='lat' dir='ltr'><strong>hane</strong></span> <span class='ocrx_word' id='word_1_398' title='bbox 1551 2512 1638 2538; x_wconf 86' lang='lat' dir='ltr'><strong>esse</strong></span> <span class='ocrx_word' id='word_1_399' title='bbox 1660 2497 1708 2538; x_wconf 86' lang='lat' dir='ltr'><strong>in</strong></span> 
     </span>
     <span class='ocr_line' id='line_1_43' title="bbox 177 2552 1709 2611; baseline -0.001 -14"><span class='ocrx_word' id='word_1_400' title='bbox 177 2565 217 2597; x_wconf 87' lang='lat' dir='ltr'><strong>te</strong></span> <span class='ocrx_word' id='word_1_401' title='bbox 233 2552 475 2609; x_wconf 83' lang='lat' dir='ltr'><strong>sapientiam</strong></span> <span class='ocrx_word' id='word_1_402' title='bbox 491 2552 740 2606; x_wconf 77' lang='lat' dir='ltr'><strong>existimant,</strong></span> <span class='ocrx_word' id='word_1_403' title='bbox 761 2566 807 2597; x_wconf 88' lang='lat' dir='ltr'><strong>ut</strong></span> <span class='ocrx_word' id='word_1_404' title='bbox 823 2554 965 2597; x_wconf 86' lang='lat' dir='ltr'><strong>omnia</strong></span> <span class='ocrx_word' id='word_1_405' title='bbox 985 2554 1055 2597; x_wconf 39' lang='lat' dir='ltr'><strong>tua*</strong></span> <span class='ocrx_word' id='word_1_406' title='bbox 1070 2555 1112 2596; x_wconf 87' lang='lat' dir='ltr'><strong>in</strong></span> <span class='ocrx_word' id='word_1_407' title='bbox 1129 2565 1167 2596; x_wconf 87' lang='lat' dir='ltr'><strong>te</strong></span> <span class='ocrx_word' id='word_1_408' title='bbox 1184 2555 1315 2611; x_wconf 82' lang='lat' dir='ltr'><strong>posita</strong></span> <span class='ocrx_word' id='word_1_409' title='bbox 1335 2570 1419 2597; x_wconf 88' lang='lat' dir='ltr'><strong>esse</strong></span> <span class='ocrx_word' id='word_1_410' title='bbox 1439 2556 1564 2598; x_wconf 87' lang='lat' dir='ltr'><strong>ducas</strong></span> <span class='ocrx_word' id='word_1_411' title='bbox 1581 2571 1593 2607; x_wconf 86' lang='lat'>3</span> <span class='ocrx_word' id='word_1_412' title='bbox 1628 2556 1709 2596; x_wconf 86' lang='lat' dir='ltr'><strong>bu·-</strong></span> 
     </span>
     <span class='ocr_line' id='line_1_44' title="bbox 178 2610 1730 2670; baseline -0.001 -15"><span class='ocrx_word' id='word_1_413' title='bbox 178 2619 406 2668; x_wconf 81' lang='lat' dir='ltr'><strong>manosque</strong></span> <span class='ocrx_word' id='word_1_414' title='bbox 427 2626 543 2653; x_wconf 88' lang='lat' dir='ltr'><strong>casus</strong></span> <span class='ocrx_word' id='word_1_415' title='bbox 578 2610 725 2653; x_wconf 83' lang='lat' dir='ltr'><strong>virtute</strong></span> <span class='ocrx_word' id='word_1_416' title='bbox 753 2611 964 2655; x_wconf 73' lang='lat' dir='ltr'><strong>inferiores</strong></span> <span class='ocrx_word' id='word_1_417' title='bbox 1002 2622 1118 2668; x_wconf 84' lang='lat' dir='ltr'><strong>putes</strong></span> <span class='ocrx_word' id='word_1_418' title='bbox 1135 2630 1147 2665; x_wconf 83' lang='lat'><em>3</em></span> <span class='ocrx_word' id='word_1_419' title='bbox 1181 2613 1318 2670; x_wconf 79' lang='lat' dir='ltr'><strong>itaque</strong></span> <span class='ocrx_word' id='word_1_420' title='bbox 1338 2627 1389 2654; x_wconf 78' lang='lat' dir='ltr'><strong>ex</strong></span> <span class='ocrx_word' id='word_1_421' title='bbox 1409 2628 1476 2654; x_wconf 88' lang='lat' dir='ltr'><strong>me</strong></span> <span class='ocrx_word' id='word_1_422' title='bbox 1496 2623 1707 2669; x_wconf 65' lang='lat' dir='ltr'><strong>quaerunt,</strong></span> <span class='ocrx_word' id='word_1_423' title='bbox 1727 2633 1730 2634; x_wconf 43' lang='lat'><em>⁷</em></span> 
     </span>
     <span class='ocr_line' id='line_1_45' title="bbox 179 2669 1706 2728; baseline -0.001 -16"><span class='ocrx_word' id='word_1_424' title='bbox 179 2670 299 2712; x_wconf 88' lang='lat' dir='ltr'><strong>credo</strong></span> <span class='ocrx_word' id='word_1_425' title='bbox 321 2669 421 2711; x_wconf 89' lang='lat' dir='ltr'><strong>item</strong></span> <span class='ocrx_word' id='word_1_426' title='bbox 450 2684 500 2710; x_wconf 81' lang='lat' dir='ltr'><strong>ex</strong></span> <span class='ocrx_word' id='word_1_427' title='bbox 534 2679 587 2721; x_wconf 89' lang='lat' dir='ltr'><strong>te,</strong></span> <span class='ocrx_word' id='word_1_428' title='bbox 611 2669 812 2721; x_wconf 61' lang='lat' dir='ltr'><strong>Scaevola,</strong></span> <span class='ocrx_word' id='word_1_429' title='bbox 843 2686 1027 2728; x_wconf 84' lang='lat' dir='ltr'><strong>quonam</strong></span> <span class='ocrx_word' id='word_1_430' title='bbox 1060 2680 1179 2727; x_wconf 90' lang='lat' dir='ltr'><strong>pacto</strong></span> <span class='ocrx_word' id='word_1_431' title='bbox 1212 2679 1391 2712; x_wconf 86' lang='lat' dir='ltr'><strong>mortem</strong></span> <span class='ocrx_word' id='word_1_432' title='bbox 1414 2669 1609 2712; x_wconf 57' lang='lat' dir='ltr'><strong>&gt;Africani</strong></span> <span class='ocrx_word' id='word_1_433' title='bbox 1643 2669 1706 2711; x_wconf 84' lang='lat' dir='ltr'><strong>fe-</strong></span> 
     </span>
     <span class='ocr_line' id='line_1_46' title="bbox 180 2727 1783 2785; baseline 0 -15"><span class='ocrx_word' id='word_1_434' title='bbox 180 2743 257 2779; x_wconf 82' lang='lat' dir='ltr'><strong>raS,</strong></span> <span class='ocrx_word' id='word_1_435' title='bbox 284 2729 415 2784; x_wconf 81' lang='lat' dir='ltr'><strong>eoque</strong></span> <span class='ocrx_word' id='word_1_436' title='bbox 445 2727 593 2784; x_wconf 80' lang='lat' dir='ltr'><strong>magis,</strong></span> <span class='ocrx_word' id='word_1_437' title='bbox 617 2727 726 2783; x_wconf 76' lang='lat' dir='ltr'><strong>quod</strong></span> <span class='ocrx_word' id='word_1_438' title='bbox 761 2728 826 2770; x_wconf 90' lang='lat' dir='ltr'><strong>his</strong></span> <span class='ocrx_word' id='word_1_439' title='bbox 856 2728 1055 2785; x_wconf 84' lang='lat' dir='ltr'><strong>proximis</strong></span> <span class='ocrx_word' id='word_1_440' title='bbox 1088 2727 1244 2780; x_wconf 85' lang='lat' dir='ltr'><strong>Nonis,</strong></span> <span class='ocrx_word' id='word_1_441' title='bbox 1271 2730 1371 2769; x_wconf 75' lang='lat' dir='ltr'><strong>cum</strong></span> <span class='ocrx_word' id='word_1_442' title='bbox 1409 2727 1451 2768; x_wconf 88' lang='lat' dir='ltr'><strong>in</strong></span> <span class='ocrx_word' id='word_1_443' title='bbox 1483 2729 1625 2769; x_wconf 82' lang='lat' dir='ltr'><strong>hortos</strong></span> <span class='ocrx_word' id='word_1_444' title='bbox 1644 2728 1704 2770; x_wconf 86' lang='lat' dir='ltr'><strong>D.</strong></span> <span class='ocrx_word' id='word_1_445' title='bbox 1729 2736 1783 2772; x_wconf 68' lang='grc' dir='ltr'><strong>ΞΟ</strong></span> 
     </span>
     <span class='ocr_line' id='line_1_47' title="bbox 177 2784 1710 2838; baseline -0.001 -11"><span class='ocrx_word' id='word_1_446' title='bbox 177 2786 297 2828; x_wconf 88' lang='lat' dir='ltr'><strong>Bruti</strong></span> <span class='ocrx_word' id='word_1_447' title='bbox 336 2784 515 2837; x_wconf 50' lang='lat' dir='ltr'><strong>augur-n,</strong></span> <span class='ocrx_word' id='word_1_448' title='bbox 550 2786 860 2828; x_wconf 83' lang='lat' dir='ltr'><strong>commentandi</strong></span> <span class='ocrx_word' id='word_1_449' title='bbox 897 2789 1035 2838; x_wconf 61' lang='lat' dir='ltr'><strong>causa,</strong></span> <span class='ocrx_word' id='word_1_450' title='bbox 1072 2796 1118 2826; x_wconf 89' lang='lat' dir='ltr'><strong>ut</strong></span> <span class='ocrx_word' id='word_1_451' title='bbox 1156 2785 1319 2837; x_wconf 83' lang='lat' dir='ltr'><strong>assolet,</strong></span> <span class='ocrx_word' id='word_1_452' title='bbox 1360 2785 1630 2835; x_wconf 76' lang='lat' dir='ltr'><strong>venissemus,</strong></span> <span class='ocrx_word' id='word_1_453' title='bbox 1664 2795 1710 2826; x_wconf 84' lang='lat' dir='ltr'><strong>tu</strong></span> 
     </span>
     <span class='ocr_line' id='line_1_48' title="bbox 160 2834 1711 2901; baseline -0.003 -15"><span class='ocrx_word' id='word_1_454' title='bbox 160 2857 267 2893; x_wconf 68' lang='lat' dir='ltr'><strong>‚non</strong></span> <span class='ocrx_word' id='word_1_455' title='bbox 300 2834 493 2888; x_wconf 75' lang='lat' dir='ltr'><strong>adfuisti:</strong></span> <span class='ocrx_word' id='word_1_456' title='bbox 543 2841 614 2900; x_wconf 88' lang='lat' dir='ltr'><strong>qui</strong></span> <span class='ocrx_word' id='word_1_457' title='bbox 667 2841 980 2901; x_wconf 74' lang='lat' dir='ltr'><strong>diligentissime</strong></span> <span class='ocrx_word' id='word_1_458' title='bbox 1019 2857 1180 2899; x_wconf 85' lang='lat' dir='ltr'><strong>semper</strong></span> <span class='ocrx_word' id='word_1_459' title='bbox 1203 2843 1340 2891; x_wconf 81' lang='lat' dir='ltr'><strong>illum</strong></span> <span class='ocrx_word' id='word_1_460' title='bbox 1379 2843 1506 2897; x_wconf 71' lang='lat' dir='ltr'><strong>diem,</strong></span> <span class='ocrx_word' id='word_1_461' title='bbox 1541 2854 1579 2884; x_wconf 76' lang='lat' dir='ltr'><strong>et</strong></span> <span class='ocrx_word' id='word_1_462' title='bbox 1611 2842 1711 2883; x_wconf 84' lang='lat' dir='ltr'><strong>illud</strong></span> 
     </span>
     <span class='ocr_line' id='line_1_49' title="bbox 942 2908 1710 2944; baseline -0.003 -1"><span class='ocrx_word' id='word_1_463' title='bbox 942 2908 965 2944; x_wconf 69' lang='lat'>2</span> <span class='ocrx_word' id='word_1_464' title='bbox 998 2913 1026 2941; x_wconf 91' lang='grc' dir='ltr'>ο</span> <span class='ocrx_word' id='word_1_465' title='bbox 1558 2914 1710 2942; x_wconf 67' lang='lat' dir='ltr'><strong>munus</strong></span> 
     </span>
    </p>
   </div>
  </div>
 </body>
</html>
