1872 3135
516 89 748 138 ORATIO
781 95 892 138 PRO
925 94 976 138 L.
1007 88 1311 138 MURAENA.
1678 95 1752 131 155

140 210 266 254 habes
300 209 686 253 nomenclatorem?
722 210 765 251 in
801 225 848 252 eo
885 210 1050 268 quidem
1086 211 1099 235 s
1117 209 1221 252 fallis
1255 217 1295 250 et
1332 203 1496 261 decipis,
1556 205 1673 247 Nam

141 268 174 312 si
195 267 366 310 nomine
401 268 591 325 appellari
616 269 688 310 abs
709 277 746 310 te
767 269 874 310 cives
895 280 986 310 tuos
1022 269 1243 310 honestum
1266 274 1326 308 est
1342 281 1363 329 ς.
1388 272 1506 319 turpe
1527 273 1586 304 est
1607 277 1674 303 eos
1694 267 1747 301 45

139 325 319 369 notiores
355 341 441 368 esse
476 341 590 368 servo
623 336 696 367 tuo
728 329 855 382 quam
889 325 989 379 tibi3
1023 328 1088 368 sin
1118 325 1243 367 etiam
1275 326 1404 373 noris,
1434 332 1574 362 tamen
1607 334 1677 383 per

124 383 391 426 1n10nitorem
426 383 656 440 appellandi
690 387 818 426 sunt?
855 399 929 426 cur
962 388 1056 426 ante
1079 383 1198 440 petis,
1221 384 1349 439 quarn
1371 379 1671 422 insusurravit?

137 449 211 482 aut
230 439 346 498 quid,
368 442 468 483 cum
505 442 754 494 admoneris,
790 452 929 483 tamen
963 442 1079 499 quasi
1116 451 1200 483 tute
1237 439 1364 490 nor'ss,
1400 438 1457 479 ita
1489 436 1674 478 salutas?

101 549 103 553 ι
139 497 255 555 quid,
277 499 547 556 posteaquam
570 515 611 541 es
641 501 893 556 designatus,
917 500 1051 542 multo
1072 499 1221 540 salutas
1242 495 1547 554 negligentius?
1583 494 1675 534 haec

135 556 282 598 omnia
301 557 350 599 ad
373 558 573 599 rationem
597 557 770 599 civitatis
799 557 832 598 si
864 557 1029 613 dirigas,
1053 568 1162 597 recta
1192 565 1312 597 sunt:
1348 555 1409 596 sin
1433 551 1679 609 perpendere
1696 555 1751 588 50

137 613 187 655 ad
207 613 439 671 disciplinae
462 625 668 670 praecepta
694 614 808 666 velis,
833 615 1086 669 reperiantur
1116 612 1371 667 pravissima.
1434 611 1575 654 Quare
1596 623 1675 650 nec

136 669 248 727 plebi
272 673 475 715 Romanae
512 671 708 726 eripiendi
744 671 902 712 fruetus
938 670 1005 712 isti
1032 681 1126 711 suut
1148 670 1363 720 ludorum,
1382 667 1674 725 gladiatorum,

138 729 453 781 conviviorum3
481 744 596 785 'quae
633 728 778 770 omnia
811 729 986 784 majores
1026 728 1155 769 nostri
1189 736 1557 782 comparaverunt:
1598 738 1676 787 nec

139 786 366 829 candidatis
401 786 477 828 ista
511 785 743 842 benignitas
781 786 999 827 adimenda
1026 794 1100 838 est,
1124 798 1219 841 quae
1240 784 1525 826 liberalitatem
1545 796 1678 839 magis

139 843 363 901 significat,
388 844 519 900 quam
541 842 820 899 largitionem.
1354 854 1359 857 ’
1695 843 1746 877 55

194 901 339 946 XVII.
373 903 433 942 At
466 901 578 942 enim
613 910 650 942 te
681 901 730 942 ad
763 899 1042 943 accusandum
1076 900 1240 956 respub.
1276 898 1460 941 adduxit.
1523 896 1674 948 Credo,

137 959 263 1010 Cato,
288 967 325 1000 te
347 959 425 1001 isto
446 958 604 1010 animo,
627 968 750 1015 atque
772 960 819 1000 est
841 959 1038 1015 opinione
1059 959 1217 1000 venisse
1237 974 1244 1000 :
1280 957 1346 999 sed
1365 967 1411 998 tu
1431 955 1675 1018 impruden-

137 1015 197 1058 tia
213 1015 376 1058 laberis.
436 1018 527 1074 Ego
548 1017 659 1073 quod
682 1015 805 1067 facio,
827 1017 1014 1068 Judices,
1037 1018 1138 1058 cum
1164 1014 1366 1065 (amicitiae
1384 1013 1681 1076 dignitatisque

137 1075 192 1116 L.
225 1074 436 1116 Muraenae
472 1076 602 1131 gratia
632 1073 769 1127 faci03
804 1084 893 1116 tum
926 1089 993 1116 me
1014 1075 1142 1131 paciS‚
1164 1073 1253 1126 otii,
1277 1070 1528 1122 concordiae,
1551 1069 1677 1112 liber-

135 1129 245 1183 tatis,
269 1131 426 1183 salutis,
450 1133 546 1174 vitae
565 1132 746 1190 denique
775 1132 969 1174 omnium
1006 1135 1188 1174 vestrum
1224 1133 1349 1173 causa
1383 1129 1514 1171 facere
1545 1127 1719 1191 clamo-5

137 1198 260 1246 atque
294 1190 490 1232 obtestor.
553 1191 725 1242 Audite,
758 1190 894 1232 audite
922 1189 1155 1242 consulem,
1192 1189 1376 1239 Judices,
1402 1186 1508 1228 nihil
1540 1185 1679 1227 dicam

138 1248 411 1305 arrogantius,
454 1249 619 1290 tantum
661 1248 816 1298 dicam,
849 1257 958 1289 totos
1003 1248 1088 1289 dies
1120 1256 1243 1304 atque
1272 1255 1415 1287 noctes
1447 1245 1495 1286 de
1526 1242 1677 1299 repub-

137 1303 221 1348 lica
246 1305 512 1363 cogitantem.
572 1308 678 1349 Non
713 1320 844 1363 usque
879 1308 928 1348 eo
959 1307 1012 1347 L.
1054 1306 1239 1348 Catilina
1263 1302 1586 1365 'rempublicam
1605 1301 1678 1342 de-

120 1362 272 1418 'spexit
321 1372 445 1421 atque
493 1363 761 1419 contempsit,
810 1373 857 1406 ut
887 1366 936 1405 ea
966 1363 1103 1419 copia,
1137 1378 1264 1421 quarn
1296 1377 1436 1403 secum
1468 1361 1624 1424 eduxit,
1641 1373 1683 1399 se

140 1420 251 1462 hane
273 1420 481 1463 civitatem
518 1433 812 1478 oppressurum
847 1421 1109 1464 arbitraretur
1125 1438 1138 1474 3
1173 1421 1294 1462 latius
1328 1428 1437 1476 patet
1457 1418 1567 1460 illius
1589 1431 1677 1458 sce·
1703 1418 1754 1453 10

140 1477 236 1520 leris
272 1478 481 1536 contagi0‚
508 1482 636 1536 quam
668 1479 893 1536 quisquam
925 1489 1068 1533 putat:
1103 1479 1152 1521 ad
1191 1478 1326 1535 plures
1350 1477 1535 1533 pertinet.
1599 1476 1682 1516 In-

139 1543 222 1588 tus,
265 1536 391 1587 intus,
427 1537 616 1594 inquam,
654 1545 715 1578 est
752 1552 883 1594 equus
913 1537 1200 1594 Trojanussa
1229 1551 1312 1593 quo
1347 1547 1584 1591 nunquam,
1615 1547 1685 1577 me

141 1594 328 1646 consule,
351 1594 602 1636 dormientes
623 1593 935 1650 opprimemini.
997 1594 1221 1638 Quaerisa
1251 1608 1334 1644 me,
1367 1592 1466 1649 quid
1497 1606 1573 1649 ego
1595 1590 1682 1654 Ca-

141 1650 305 1693 tilinam
334 1661 518 1694 metuam
540 1653 553 1694 ?
587 1653 738 1704 Nihi13
772 1662 811 1694 et
832 1651 969 1694 curavi
990 1667 1042 1693 ne
1064 1652 1156 1709 quis
1178 1660 1376 1694 metueret
1399 1666 1408 1691 z
1442 1650 1508 1691 sed
1543 1662 1682 1704 copias

141 1707 269 1761 illius,
294 1724 395 1766 quas
433 1710 502 1751 hic
534 1709 668 1761 video,
707 1711 801 1751 dieo
838 1725 925 1752 esse
954 1711 1222 1752 metuendas:
1257 1724 1334 1751 nec
1368 1717 1453 1750 tam
1476 1706 1684 1749 timendus
1706 1707 1753 1741 15

142 1775 204 1809 est
223 1778 337 1808 nunc
353 1766 554 1809 exercitus
575 1769 626 1809 L.
647 1767 861 1820 Catilinae,
880 1770 1006 1824 quam
1028 1766 1112 1819 isti,
1135 1768 1206 1824 qui
1227 1766 1345 1808 illum
1363 1765 1592 1807 exercitum
1608 1765 1682 1826 de-

144 1825 316 1866 seruisse
350 1825 568 1867 dicuntur:
602 1840 688 1867 non
719 1825 833 1867 enim
866 1826 1160 1877 deseruerunt3
1195 1825 1261 1865 sed
1280 1824 1330 1866 ab
1351 1824 1420 1864 illo
1443 1824 1484 1864 in
1508 1821 1684 1878 speculis

144 1891 266 1938 atque
287 1882 445 1925 insidiis
467 1882 611 1934 relicti,
637 1883 679 1925 in
701 1884 834 1939 capite
862 1893 983 1940 atque
1004 1881 1048 1924 in
1079 1881 1308 1924 cervicibus
1342 1881 1493 1922 nostris
1525 1879 1683 1922 restite-

142 1949 240 1981 runt
254 1955 268 1992 3
302 1940 347 1982 hi
366 1950 405 1981 et
426 1940 633 1998 integrum
665 1940 898 1992 consulem,
921 1952 961 1982 et
990 1940 1152 1982 bonum
1173 1941 1478 1995 imperatorem,
1501 1948 1541 1980 et
1560 1948 1684 1979 uatu-

144 2000 191 2039 ra
211 2007 251 2039 et
270 1996 439 2040 fortuna
457 2013 555 2040 cum
572 1999 732 2056 reipub.
766 1999 895 2043 salute
914 1998 1209 2056 conjunctum,
1232 1997 1354 2055 dejici
1375 1997 1423 2039 de
1438 1997 1553 2039 urbis
1575 2010 1680 2053 prae-
1702 1997 1758 2031 20

716 2171 731 2196 s
727 2173 879 2219 falleris
891 2181 922 2210 et
940 2173 1125 2224 deciperis.

191 2344 244 2371 44.
259 2340 545 2382 Nomenclatorem]
561 2340 796 2373 Nomenclator
808 2348 855 2373 est
868 2341 894 2373 is
983 2344 1032 2373 12.
1062 2342 1120 2374 Est
1137 2353 1228 2385 equus
1245 2342 1416 2385 Trojanus.]
1445 2341 1528 2383 Equi
1550 2342 1684 2384 Trojani

150 2385 204 2426 qui
231 2386 361 2427 subjicit
387 2387 516 2417 nomina
538 2386 656 2417 civium
682 2386 870 2428 ignotorum
885 2398 891 2415 :
936 2387 1066 2429 egregie
1083 2387 1271 2419 describitur
1282 2387 1414 2419 historia
1426 2388 1510 2429 apud
1522 2387 1611 2429 Virg.
1627 2387 1681 2418 lib.

148 2439 243 2467 quem
255 2438 362 2461 tamen
372 2430 520 2461 habuisse
533 2431 692 2465 Catonem
703 2438 801 2472 negat
814 2431 896 2462 Plu·
940 2440 969 2462 2.
996 2431 1128 2463 AEneid.
1154 2432 1290 2472 ideoque
1314 2441 1391 2463 nota
1418 2430 1577 2462 omnibus.
1624 2432 1687 2462 Sed

151 2473 292 2510 tax-chus,
311 2475 384 2505 esim
401 2475 497 2506 etiarn
520 2476 590 2517 lege
606 2475 742 2506 vetitum
758 2482 839 2506 esset
854 2485 895 2506 ne
939 2474 1067 2507 tantum
1083 2477 1154 2508 vult
1169 2477 1349 2513 ostendere,
1366 2486 1430 2507 non
1447 2475 1484 2506 ab
1497 2475 1536 2506 iis
1551 2475 1607 2517 qui
1625 2478 1691 2506 Ca-

151 2517 305 2558 petitores
319 2518 474 2550 haberent
489 2518 771 2550 nomenclatorem.
939 2520 1066 2552 tilinam
1083 2521 1182 2552 secuti
1198 2528 1283 2558 sunt,
1301 2520 1356 2551 sed
1372 2519 1410 2551 ab
1428 2520 1466 2550 iis
1482 2520 1537 2562 qui
1554 2521 1588 2551 in
1604 2520 1685 2551 civi-

195 2562 248 2591 48.
266 2562 365 2604 Tuta]
381 2563 419 2594 Id
440 2570 476 2594 tu
492 2563 558 2606 ipse
574 2574 629 2607 per
645 2571 689 2603 te,
715 2570 748 2595 et
761 2574 826 2595 non
842 2574 898 2606 per
941 2571 1008 2596 tate
1024 2569 1254 2603 remanserunt,
1270 2564 1557 2606 pertimescendum
1573 2575 1649 2596 esse.

155 2604 254 2635 alium
270 2606 366 2638 neris.
988 2610 1038 2639 17.
1055 2611 1095 2641 In
1109 2609 1256 2650 sperulis]
1283 2610 1424 2650 Speculae
1447 2608 1515 2640 loca
1529 2616 1602 2640 sunt
1617 2608 1686 2640 edi-

200 2652 227 2680 1.
247 2651 288 2679 At
303 2650 404 2690 enim]
421 2652 494 2694 Jam
511 2652 701 2694 aggreditur
723 2663 794 2683 eam
821 2662 896 2694 par·
941 2653 1036 2692 tiora,
1053 2657 1070 2685 e
1085 2653 1200 2694 quibus
1215 2652 1381 2684 venientes
1397 2652 1646 2695 prospiciuntur.

153 2700 218 2725 tem
236 2693 383 2731 refutare,
398 2695 430 2726 in
447 2697 507 2735 qua
523 2697 644 2728 dixerat
661 2697 744 2728 Cato
761 2708 793 2728 se
818 2697 898 2728 Rei·
990 2701 1040 2730 19.
1069 2699 1087 2729 Ι
1091 2701 1227 2739 ntegrum
1250 2697 1421 2737 consulem-J
1448 2698 1580 2740 Integer
1610 2697 1688 2728 vitae

153 2737 229 2779 pub.
251 2738 338 2770 caus&
354 2738 536 2770 Muraenam
553 2751 716 2771 accusare:
739 2742 789 2771 cui
807 2742 899 2772 Cice·
945 2741 1073 2781 dicitur,
1100 2742 1155 2782 qui
1187 2740 1274 2773 nulla
1301 2740 1369 2773 labe
1399 2741 1524 2774 sceleris
1552 2741 1690 2774 infectus

133 2795 137 2799 ·
153 2793 187 2812 ro
204 2782 387 2824 respondet,
403 2793 435 2814 se
451 2793 522 2814 eum
539 2791 570 2816 et
583 2784 694 2827 ipsius,
708 2785 900 2828 etReipub-
945 2793 1003 2817 est.

154 2825 223 2857 liene
241 2827 331 2857 caus&
346 2826 527 2858 defendere.
566 2841 570 2846 ·
628 2840 631 2843 ¹

1572 2872 1692 2928 sidio,

1862 2287 1872 2359 ...ὀμ
