1887 3083
135 135 166 177 ii
635 133 700 178 M.
733 134 943 177 TULLII
970 134 1303 181 ‚CICERONIS

139 245 320 298 bricum,
343 247 451 304 quod
474 262 548 288 nec
571 247 776 289 Consules
790 247 988 290 sustinere·
1003 255 1236 304 potuerunt.
1283 244 1400 288 Hinc
1417 256 1570 301 magna
1581 243 1734 285 Romae

139 313 279 345 exorta
313 303 544 359 trepidatio,
576 315 617 346 et
643 304 879 357 seditiones,
911 318 1001 346 tum
1038 313 1200 360 propter
1230 302 1455 346 imminens
1489 298 1736 357 periculum,

142 370 233 401 tum
268 372 431 417 propter
465 361 688 416 imperium
723 363 782 405 Q.
819 361 992 404 Servilio
1025 360 1219 418 Caepioni
1248 363 1495 418 abrogatum
1525 355 1735 414 rogatione

1279 427 1291 441 δ
1597 440 1599 443 .

140 417 335 460 Norbam
357 418 510 460 tribuni
532 418 671 474 plebis.

502 523 719 567 ANNUS
756 525 928 567 URBIS
960 522 1255 566 CONDITAE
1277 528 1377 572 649.

162 615 255 652 Coss.
279 616 316 654 C.
336 616 469 653 Mario
487 617 538 653 ΙΙ.
562 616 599 652 C.
620 617 752 654 Flavio
771 616 948 659 Fimbric'i,
976 625 1060 653 ante
1076 617 1251 653 Christum
1277 621 1357 653 103.
1382 615 1565 653 Ciceronis
1582 618 1721 654 tertius.

201 700 365 742 Marius
386 700 607 757 deportatis
631 717 678 743 ex
703 701 850 744 Africa
871 701 1120 761 legionibus,
1152 701 1251 758 ipsis
1266 682 1362 744 'Ka1.
1383 700 1592 744 ,Ianuariis
1617 701 1736 744 Con-

145 756 326 820 sulatum
359 757 468 811 iniit,
501 767 541 800 et
560 758 975 815 magnificentissime
997 759 1296 815 triumphavit:
1331 773 1413 815 quo
1449 758 1496 801 in
1524 758 1738 815 triumpho

144 825 332 857 Vinctum
353 816 604 879 ,Iugurtham
626 816 828 859 exhibuit.
889 816 1108 874 Longinus
1135 815 1326 858 tribunus
1353 815 1484 872 plebis
1505 815 1613 872 leges
1633 831 1738 858 con-

146 871 288 914 trarias
323 872 530 915 nobilitati
562 873 670 924 tulit,
718 875 835 922 hanc,
861 875 1106 930 praesertim,
1149 888 1201 916 ne
1234 882 1338 915 esset
1370 872 1416 915 in
1451 874 1622 928 Senatu,
1666 872 1738 930 qui

145 928 366 972 damnatus
386 939 491 972 esset
505 931 525 972 ὲ
542 931 712 988 populo,
745 940 816 974 aut
836 932 903 974 cui
919 931 1142 989 imperium
1160 938 1266 973 esset
1283 930 1539 988 abrogatum.

504 1041 723 1086 ANNUS
755 1042 936 1085 URBIS
969 1041 1263 1085 CONDITAE
1285 1043 1385 1084 650.

186 1138 282 1174 Coss.
301 1135 338 1172 C.
356 1133 491 1171 Mario
507 1135 580 1171 ΙΙΙ.
604 1134 759 1171 Aurelio
777 1134 910 1178 Oreste,
938 1141 1022 1171 ante
1038 1132 1214 1170 Christum
1234 1133 1318 1168 102.
1340 1129 1524 1167 Ciceronis
1542 1137 1701 1179 quartus.
1777 1173 1780 1176 ,

204 1213 446 1262 Hic'annus
467 1227 740 1275 consumptus
760 1227 820 1261 est
839 1218 885 1260 in
903 1217 1000 1261 belli
1021 1225 1234 1273 apparatu,
1265 1214 1374 1272 quod
1396 1213 1418 1254 ὲ
1435 1206 1579 1255 Mario
1597 1223 1741 1258 contra

147 1276 346 1321 Cimbros
364 1286 602 1334 susceptum
623 1286 697 1330 est,
730 1286 771 1318 et
790 1276 894 1318 duce
910 1274 1152 1318 Athenione
1171 1272 1315 1316 servile
1329 1283 1519 1314 exortum
1532 1268 1624 1315 fuit.

506 1368 721 1411 ANNUS
753 1365 931 1411 URBIS
962 1365 1254 1409 CONDITAE
1276 1370 1372 1407 651.

147 1461 242 1500 Coss.
261 1461 299 1499 C.
322 1460 459 1498 Mario
477 1458 543 1497 IV.
559 1460 601 1496 Q.
614 1459 769 1496 Lutatio
784 1457 927 1502 Catulo,
958 1465 1041 1494 ante
1068 1456 1247 1493 Clzrz'stmn
1276 1460 1359 1492 101.
1387 1453 1573 1491 Ciceronis
1583 1455 1736 1506 quimus.

201 1545 272 1588 Ad
294 1545 439 1601 Aquas
471 1543 630 1585 Sextias
662 1540 828 1584 Marius
848 1550 991 1582 contra
1008 1541 1217 1582 Teutones
1237 1537 1453 1597 pugnavit,
1484 1554 1568 1596 quo
1586 1539 1635 1582 'm
1651 1552 1741 1583 ce'r-

147 1602 306 1647 tamine
340 1598 528 1643 hostiu'm
562 1600 741 1641 ducenta
773 1597 906 1640 millia
937 1597 1180 1649 trucidasse,
1224 1612 1272 1638 ac
1307 1596 1536 1653 nonaginta
1569 1595 1741 1652 cepisse,

146 1660 308 1703 dicitur.
368 1657 454 1701 His
473 1656 732 1700 Consulibus
751 1654 930 1698 Archias
952 1659 1072 1711 poeta
1090 1656 1270 1696 Romam
1285 1653 1412 1706 venit,
1431 1669 1556 1710 quem
1577 1653 1622 1696 in
1639 1653 1744 1696 Ora-

147 1718 261 1761 tione
282 1731 354 1773 pro
373 1716 520 1758 eodem
541 1713 644 1756 dicit
664 1713 814 1756 Cicero
835 1714 856 1754 a
878 1712 1014 1768 prima
1029 1711 1207 1768 pueritia
1225 1710 1456 1767 principem
1477 1721 1519 1753 et
1537 1711 1588 1753 ad
1608 1711 1741 1754 susci-

147 1775 362 1834 piendam,
381 1781 422 1815 et
435 1773 484 1815 ad
499 1770 812 1830 ingrediendam
824 1769 1026 1813 rationem
1041 1784 1211 1811 suorum
1230 1768 1462 1810 studiorum
1479 1783 1522 1810 se
1536 1767 1740 1812 habuisse.

513 1894 730 1939 ANNUS
762 1895 940 1938 URBIS
971 1894 1265 1937 CONDITAE
1286 1897 1385 1937 652.

226 1993 324 2030 Coss.
353 1991 390 2029 C.
419 1984 556 2027 *Mario
581 1988 618 2025 V.
636 1987 698 2025 M
717 1986 881 2038 Aquilio,
913 1995 997 2024 ante
1018 1986 1197 2023 Christum
1223 1986 1304 2023 100.
1334 1986 1517 2023 Ciceronis
1532 1995 1664 2024 sextus.

203 2076 354 2120 Clarus
373 2073 444 2117 hie
463 2087 597 2116 atinus
616 2070 695 2113 fuit
718 2071 768 2113 C.
790 2069 919 2112 Marii
949 2079 990 2111 et
1025 2069 1166 2112 Catuli
1196 2068 1427 2125 triumpho,
1456 2085 1557 2113 nam
1582 2071 1746 2128 utrique

148 2133 275 2177 simul
291 2133 476 2175 decretus
491 2139 567 2183 est,
590 2130 689 2172 cum
705 2128 756 2170 ab
772 2127 830 2169 eis
847 2137 1016 2169 centum
1030 2127 1301 2184 quadraginta
1321 2127 1592 2170 Cimbrorum
1612 2128 1743 2172 millia

146 2201 219 2235 aut
246 2191 291 2233 in
319 2190 478 2247 pugna,
510 2197 581 2230 aut
618 2187 663 2228 in
697 2185 799 2242 fuga
829 2197 938 2227 caesa
967 2195 1118 2236 essent,
1148 2195 1190 2226 et
1217 2184 1428 2243 sexaginta
1446 2195 1566 2242 capta
1582 2185 1742 2229 millia:

147 2250 294 2293 eodem
312 2262 424 2291 anno
440 2247 510 2289 M.
533 2243 725 2302 Aquilius
742 2243 895 2286 bellum
920 2242 1062 2284 servile
1081 2241 1274 2286 confecit.

520 2355 735 2398 ANNUS
767 2353 943 2396 URBIS
975 2351 1267 2395 CONDITAE
1286 2356 1381 2395 653.

151 2451 247 2489 Coss.
270 2451 308 2488 C.
329 2451 465 2487 Μανιό
492 2449 548 2486 VI.
567 2448 610 2484 L.
638 2447 779 2484 Valerio
798 2447 945 2490 Flacco,
976 2454 1058 2482 ante
1075 2445 1252 2482 Christum
1273 2449 1334 2484 99.
1368 2442 1553 2482 Ciceronis
1568 2444 1747 2494 septimus.

206 2534 412 2592 Apuleius
433 2532 697 2584 Saturninus,
730 2533 878 2574 iterum
906 2531 1096 2584 tribunus
1118 2532 1247 2589 plebis
1267 2531 1401 2589 legem
1430 2529 1648 2588 Agrariam
1673 2544 1746 2585 per

150 2593 239 2634 vim
257 2592 365 2644 tulit,
398 2602 437 2633 et
458 2593 513 2635 Q.
535 2590 714 2633 Metello·
738 2590 988 2642 Numidico,
1022 2589 1093 2647 qui
1114 2591 1158 2631 in
1189 2603 1279 2632 eam
1293 2587 1431 2646 jur-are
1451 2587 1601 2639 noluit,
1632 2586 1744 2628 diem

150 2649 264 2692 dixit.
326 2651 388 2692 At
408 2649 474 2690 ille
490 2649 638 2690 maluit
653 2647 752 2690 urbe
768 2648 924 2700 cedere,
955 2650 1082 2704 quam
1103 2647 1154 2688 de
1171 2645 1374 2688 sententia
1394 2645 1590 2688 dimoveri
1608 2661 1618 2687 :
1643 2645 1744 2686 cum

149 2706 260 2749 idem
303 2706 549 2749 Saturninus
588 2704 848 2748 Memmium
894 2705 1158 2747 candidatum
1207 2703 1462 2746 Consulatus
1510 2701 1742 2752 occidisset,

151 2764 408 2821 efficeretque
426 2774 472 2805 ut
493 2764 542 2806 C.
567 2763 762 2805 Servilius
783 2762 968 2804 Glaucia*
983 2762 1144 2805 Consul
1168 2761 1296 2814 fieret,
1328 2759 1743 2803 Senatusconsukum

152 2822 312 2865 factum
327 2831 403 2875 est,
434 2830 482 2864 ut
500 2821 680 2864 viderent
701 2820 922 2874 Consules,
944 2835 995 2863 ne
1013 2819 1110 2877 quid
1127 2817 1363 2862 detrimenti
1379 2825 1546 2875 caperet
1556 2814 1742 2916 Raesspub.

233 2902 238 2905 ·
1627 2882 1750 2915 ianm
