1872 3140
242 205 266 237 2
686 198 749 240 M.
782 196 984 239 TULLII
1015 195 1322 241 CICERONIS

258 311 332 354 ties
352 326 426 368 ego
447 313 546 366 ipse,
569 311 740 359 Judices,
761 325 812 353 ex
845 311 891 352 P.
913 310 1048 353 Clodii
1077 312 1166 354 telis
1199 323 1239 354 et
1268 327 1320 355 ex
1353 312 1528 354 cruentis
1559 312 1641 366 ejus
1674 328 1762 356 ma-

186 372 238 409 55
258 370 373 410 nibus
395 367 552 423 effugi?
583 382 635 408 ex
664 369 807 422 quibus
837 369 869 409 si
898 383 964 409 me
994 383 1076 408 non
1106 371 1169 410 vel
1199 385 1303 419 mea,
1331 372 1395 411 xel
1413 371 1567 424 reipub.
1596 370 1760 413 fortuna

257 426 462 472 servasset,
494 426 581 478 quis
600 426 764 465 tandem
785 426 836 465 de
864 425 1030 466 interitu
1060 440 1151 466 meo
1181 427 1444 479 quaestionem
1463 427 1648 468 tulisset?
1680 428 1760 469 Sed

257 482 367 524 stulti
403 496 552 530 sumus,
587 482 655 535 qui
686 481 882 531 Drusum,
917 482 987 536 qui
1021 480 1276 530 Africanum,
1309 483 1563 537 Pompeium,
1583 496 1761 526 nosmet-

255 540 360 591 ipsos
381 552 473 577 cum
493 537 538 577 P.
562 538 706 579 Clodio
727 538 911 579 conferre
943 539 1188 587 audeamus;
1218 539 1438 579 tolerabilia
1468 539 1632 581 fuerunt
1665 543 1759 590 illa3

256 595 302 635 P.
333 593 468 634 Clodii
500 607 674 636 mortem
696 610 812 649 aequo
831 596 967 636 animo
987 610 1108 635 nemo
1137 594 1243 635 ferre
1262 605 1418 649 potest,
1439 597 1548 650 luget
1567 597 1762 639 Senatus:

185 656 238 691 60
257 663 403 692 moeret
433 661 618 705 equester
647 654 768 693 ordo:
801 663 886 693 tota
914 652 1049 693 civitas
1078 651 1261 693 confecta
1290 652 1305 673 ¹²

1325 652 1436 692 senio
1466 661 1524 692 est
1536 663 1546 689 ε
1575 657 1760 707 squalent

255 707 498 762 municipia;
530 708 771 750 afflictantur
802 710 993 749 coloniae:
1024 707 1106 762 agri
1128 709 1302 762 denique
1323 708 1396 762 ipsi
1415 719 1498 749 tam
1518 709 1770 760 beneficum,

256 774 338 804 tarn
379 766 606 814 salutarem,
646 777 729 806 tam
777 778 1031 808 mansuetum
1075 766 1203 806 civem
1247 766 1489 806 desiderant.

1545 765 1644 806 Non
1684 767 1762 809 fuit

257 836 303 862 ea
322 836 451 870 causa,
472 821 645 873 Iudices,
673 820 855 876 profecto
894 837 978 863 non
1012 821 1104 871 fuit,
1142 837 1213 862 cur
1232 822 1304 862 sibi
1339 832 1518 863 censeret
1546 821 1763 891 Pompeius

257 878 523 932 quaestionem
555 879 789 921 ferendam:
817 880 887 920 sed
922 880 1046 919 homo
1078 879 1247 932 sapienS,
1283 889 1322 919 et
1355 876 1432 919 alta
1452 890 1492 919 et
1510 876 1645 920 divina
1664 880 1764 935 qua-

186 941 235 975 65
257 937 348 975 dam
379 948 516 976 mente
545 937 748 989 praeditus,
789 937 916 977 multa
943 934 1069 983 vidit;
1109 936 1230 976 fuisse
1269 936 1344 976 sibi
1386 936 1499 976 illum
1537 936 1763 986 inimicum,

255 991 493 1032 familiarem
529 991 759 1042 Milonem;
789 993 831 1033 in
851 993 1056 1035 communi
1079 994 1263 1033 omnium
1282 991 1435 1042 laetitia,
1464 993 1495 1033 si
1528 993 1649 1034 etiarn
1679 994 1765 1049 ipse

256 1050 465 1114 gauderet,
498 1050 631 1092 timuit
666 1065 718 1090 ne
752 1049 1174 1098 videreturinfirmior
1193 1050 1292 1090 fides
1312 1050 1576 1091 reconciliatae
1611 1051 1794 1104 gratiae,-

256 1107 383 1146 multa
413 1107 533 1147 etiam
568 1108 642 1147 alia
663 1107 777 1155 vidit,
807 1108 874 1147 sed
905 1107 1004 1147 illud
1038 1105 1239 1156 maxime,
1271 1107 1455 1160 quamvis
1483 1106 1672 1147 atrociter
1702 1109 1763 1162 ip-

257 1177 298 1203 se
319 1163 486 1211 tulisset,
506 1178 576 1204 vos
604 1175 740 1204 tamen
773 1162 933 1204 fortiter
961 1163 1219 1215 judicaturos.

187 1224 239 1260 70
257 1220 490 1260 rentissimis
534 1221 741 1261 ordinibus
780 1221 862 1274 ipsa
901 1221 1078 1260 lumina.

1278 1164 1419 1216 Itaque
1449 1163 1597 1219 delegit
1631 1163 1653 1204 ὲ
1685 1165 1766 1205 fio·-

1121 1234 1264 1274 neque
1283 1217 1395 1269 vero,
1426 1221 1536 1274 quod
1578 1222 1764 1265 nonnulli

258 1277 458 1325 dictitant,
495 1278 664 1318 secrevit
703 1278 744 1317 in
777 1277 979 1328 judicibus
1008 1277 1187 1331 legendis
1217 1278 1363 1317 amicos
1391 1291 1529 1326 meos;
1559 1291 1692 1332 neque
1722 1293 1766 1318 e-

258 1333 345 1375 nim
365 1333 444 1375 hoc
464 1335 652 1388 cogitavit
689 1335 749 1373 vir
777 1334 1030 1385 justissimus,
1061 1348 1192 1387 neque
1214 1335 1255 1374 in
1277 1334 1392 1374 bonis
1411 1334 1505 1383 xjiris
1523 1334 1702 1388 legendis
1722 1335 1766 1375 id

260 1391 413 1444 assequi
447 1391 655 1444 potuisset,
691 1391 851 1431 etiamsi
865 1390 1075 1444 cupiisset3
1105 1405 1189 1430 non
1211 1391 1319 1430 enim
1339 1397 1429 1430 'mea
1449 1390 1575 1445 gratia
1594 1388 1767 1431 familia-

258 1447 440 1487 ritatibus
475 1449 720 1496 continetur,
744 1463 833 1502 quae
853 1449 929 1487 late
950 1459 1085 1501 patere
1105 1461 1188 1486 non
1209 1457 1388 1500 possunt,
1408 1446 1621 1501 propterea
1651 1445 1766 1501 quod

188 1509 240 1547 75
260 1505 568 1545 consuetudines
588 1503 717 1545 victus
750 1519 834 1544 non
865 1516 1030 1558 possunt
1067 1518 1150 1545 esse
1183 1518 1277 1544 cum
1308 1504 1474 1551 multis;
1502 1504 1573 1544 sed
1604 1503 1636 1543 si
1665 1505 1766 1558 quid

258 1575 482 1615 possumus,
511 1575 562 1601 ex
593 1576 640 1601 eo
670 1576 892 1615 possumus,
923 1558 1035 1615 quod
1075 1561 1297 1615 respublica
1326 1574 1399 1600 nos
1429 1560 1639 1612 conjunxit
1669 1576 1764 1612 cum

258 1619 422 1666 multis3
443 1632 495 1658 ex
511 1619 654 1672 quibus
676 1619 742 1658 ille
763 1616 856 1658 cum
878 1619 1051 1671 optimos
1070 1618 1176 1658 viros
1196 1619 1362 1672 legeret,
1381 1617 1504 1671 idque
1524 1615 1699 1659 maxime
1715 1618 1769 1658 ad

200 1702 203 1704 -
259 1675 385 1715 fidem
418 1690 530 1715 suam
563 1675 765 1728 pertinere
793 1676 1069 1725 arbitraretur,
1089 1689 1172 1715 non
1191 1675 1321 1729 potuit
1342 1675 1476 1728 legere
1505 1686 1591 1714 non
1613 1675 1788 1715 studim·

260 1746 324 1771 SOS
339 1733 434 1772 mei

495 1730 623 1773 Ouod
643 1731 741 1773 vero
762 1746 816 1781 te,
839 1732 886 1772 L.
908 1706 1085 1797 Domiti,
1104 1732 1198 1772 huic
1220 1731 1432 1785 quaestioni
1453 1745 1621 1784 praeesse
1639 1731 1768 1772 maxi-

190 1796 244 1831 80
261 1786 326 1829 me
358 1789 501 1838 voluit,
534 1789 637 1830 nihil
672 1789 855 1844 quaesivit
884 1789 1005 1838 aliud,
1045 1789 1120 1828 nisi
1155 1787 1367 1840 justitiam,
1404 1788 1656 1842 gravitatem,
1690 1789 1770 1828 hu-

261 1846 512 1895 manitatem,
527 1847 671 1886 fidem:
700 1847 807 1894 tulit,
827 1856 871 1887 ut
885 1845 1149 1886 Consularem
1165 1859 1326 1886 necesse
1344 1856 1469 1885 esset:
1501 1845 1639 1895 credo,
1655 1844 1770 1899 quod

260 1903 491 1958 principum
536 1918 681 1943 munus
726 1918 809 1944 esse
847 1903 1015 1944 ducebat
1062 1902 1244 1943 resistere
1285 1901 1437 1941 levitati
1481 1900 1770 1950 multitudinis,

264 1961 304 2000 &
338 1960 587 2013 perditorum
621 1960 864 2008 temeritati,
896 1974 947 1999 ex
967 1959 1238 2015 consularibus
1259 1968 1299 1998 te
1319 1958 1467 1999 creavit
1486 1957 1756 2012 potissimum·
1747 1989 1760 2007 ,

264 2017 431 2056 dederas
460 2018 584 2065 enim,
629 2031 751 2071 quam
781 2014 1061 2057 contemneres
1091 2017 1301 2070 populares
1329 2015 1514 2063 insanias,
1535 2015 1620 2067 jam
1649 2015 1698 2055 ab
1727 2030 1770 2055 a·

196 2079 249 2117 85
264 2071 510 2116 dolescentia
552 2075 795 2124 documenta
838 2074 1026 2124 maxima.

1088 2073 1381 2128 Quamobrem,
1426 2071 1599 2123 Judices‚
1626 2081 1671 2112 ut
1699 2071 1771 2132 ali-

884 2184 900 2207 Β
917 2186 1138 2237 aegritudine.

308 2359 361 2388 6’7.
377 2356 452 2395 Irfir
453 2356 625 2398 vriiorfides,
643 2355 697 2386 25⁵<
700 2353 724 2395 Ἰ,
737 2353 783 2384 Ex
795 2352 936 2384 hocloco
944 2364 998 2394 pa-

241 2418 243 2420 ·
267 2408 314 2431 tet
340 2400 518 2433 simultates
555 2399 648 2429 fuisse
681 2385 831 2427 exrdium
866 2398 946 2427 inter
969 2404 1000 2427 et

267 2444 475 2484 Pompeium,
490 2443 543 2472 sed
555 2451 606 2472 eas
622 2441 877 2471 reconciliatione
891 2441 1001 2482 gratiae

268 2487 364 2518 fuisse
380 2487 508 2526 sopitas,
525 2491 556 2515 et
572 2495 611 2515 ne
626 2484 694 2522 ejus
713 2480 825 2522 parum
851 2483 914 2513 fida
937 2492 1003 2513 cre-

268 2531 393 2561 deretur
404 2529 631 2564 reconciliatio,
638 2528 774 2567 gaudere
790 2527 893 2556 noluit
909 2526 1004 2556 Pom-

269 2572 370 2613 peine.

313 2616 363 2646 69.
382 2616 406 2645 E
417 2615 546 2653 florenti.
545 2614 644 2644 §simis
653 2613 818 2643 ordinibus
824 2612 838 2650 ]
854 2611 891 2642 E.
907 2612 1002 2642 Sena-

269 2659 349 2688 torio
366 2657 523 2694 videlicet,
545 2657 701 2697 Equestri,
727 2663 759 2686 et
783 2665 823 2685 ex
849 2655 1001 2687 Tribunis

269 2696 406 2732 AErariis
416 2700 539 2738 judices
552 2700 657 2730 selecti
674 2706 759 2729 sunt.

313 2745 364 2773 75.
392 2744 626 2773 Consuetudznes
650 2741 728 2772 vati
733 2752 756 2771 s.
761 2742 776 2780 Ἰ
799 2742 886 2771 Patet
912 2740 1004 2769 fami-

269 2785 360 2816 liare*
383 2795 435 2816 eos
450 2787 510 2816 dici
527 2787 664 2825 proprie,
684 2786 763 2815 inter
791 2793 872 2825 quos
898 2783 1001 2813 victus

270 2828 470 2858 consuetudo
485 2829 661 2865 intercedit,
683 2826 737 2858 hic
753 2833 862 2857 autem
878 2825 1002 2856 subtili-

271 2877 317 2902 ter
327 2870 522 2909 'Pompeium
535 2873 564 2900 «Sc.
576 2871 695 2912 judices
709 2871 766 2900 sibi
781 2869 936 2900 conciliat.

312 2915 364 2959 777
379 2913 518 2956 Optimos
528 2915 609 2946 viros
623 2914 745 2954 legera]
759 2913 930 2954 Pompeius
946 2921 1002 2952 op-

1041 2353 1137 2384 timos
1152 2352 1300 2383 omnium
1330 2352 1477 2382 ordinum
1493 2351 1577 2382 viros
1599 2352 1688 2392 legit,
1715 2361 1772 2401 qui

1042 2395 1148 2435 postea
1161 2396 1258 2426 sortiti
1273 2402 1361 2432 sunt,
1369 2402 1406 2425 ut
1422 2404 1536 2425 eorum
1552 2404 1706 2426 numerus
1707 2396 1775 2435 ,qui

1041 2440 1230 2478 judicarent,
1247 2439 1468 2477 compleretur.

1078 2484 1129 2512 79.
1143 2482 1276 2512 Domiti.
1282 2481 1424 2520 JDomiti
1430 2490 1465 2510 us
1474 2480 1776 2529 AEnobarbusquae-

1045 2526 1122 2556 sitor
1137 2527 1213 2555 huic
1229 2534 1333 2555 causae
1349 2524 1533 2564 praepositus
1553 2524 1626 2559 fuit,
1649 2523 1741 2561 eujus
1756 2519 1793 2550 a‘

1047 2568 1227 2599 laudatione
1240 2574 1342 2606 captat
1357 2567 1455 2603 benev
1459 2566 1643 2597 oleariam.-

1087 2615 1137 2641 83.
1154 2610 1359 2641 Perdunt-,um
1363 2610 1376 2647 ]
1394 2609 1563 2640 Clodianos
1579 2607 1734 2648 intelligit
1785 2646 1787 2649 γ

1081 2657 1132 2684 84.
1148 2654 1355 2683 (onremnercs
1362 2653 1529 2694 populares
1542 2651 1689 2683 insanitis
1694 2649 1777 2688 ]Cn.

1047 2696 1186 2731 Manlius
1200 2696 1374 2727 Tribunus·
1363 2696 1476 2735 -plebis
1483 2695 1590 2734 tegern
1601 2692 1719 2724 ferebat
1730 2700 1779 2722 se·
1792 2701 1795 2707 ·

1047 2740 1156 2770 diuos?-
1162 2748 1224 2770 ut
1238 2738 1374 2769 libertini
1403 2740 1446 2768 in
1464 2738 1616 2768 omnibus
1630 2728 1794 2783 tribubus*

1045 2771 1232 2821 suffiagiun
1249 2782 1374 2811 ferrent.
1397 2780 1547 2821 Cumque
1569 2776 1703 2820 pervim
1717 2777 1779 2806 Ca-

1046 2825 1092 2864 pit
1081 2825 1196 2854 tolium
1213 2834 1347 2864 occupa
1342 2830 1408 2860 set,
1428 2834 1446 2854 a
1462 2824 1520 2853 Cn.
1533 2821 1679 2853 Domitio
1694 2819 1780 2850 Prae-

1046 2875 1112 2898 tore
1128 2868 1225 2900 ‹leiec
1232 2877 1267 2897 us
1283 2867 1356 2903 fuit,
1378 2864 1488 2898 inultis
1510 2866 1528 2896 ἒ
1552 2860 1729 2895 Manliana
1731 2866 1791 2892 siz-¹

1046 2910 1166 2943 ditione
1182 2909 1362 2941 interfectis.
1787 2915 1792 2924 ¹

1620 2948 1783 3005 quando
