1872 3140
813 159 895 199 509

502 435 572 478 M.
613 433 821 477 TULLu
857 430 1183 474 mcssnoms

365 622 742 705 CATO
779 563 782 565 '
818 623 1329 704 MAJOR.

195 892 287 936 AD
315 891 368 935 T.
398 863 779 934 'POMPONIUM
809 887 1093 931 ATTICUM
1124 887 1324 930 PRAEF
1322 887 1362 928 A
1371 886 1439 928 TI
1446 885 1494 928 0.

237 1071 267 1110 I:
290 1068 431 1118 o'Tite,
452 1076 484 1111 si
502 1075 592 1124 quid
608 1087 673 1123 ego
691 1074 840 1123 (abuero
858 1084 1021 1109 furtumve
1034 1072 1177 1114 levasso,

291 1127 375 1162 teme
389 1140 480 1164 mmc
491 1135 524 1162 te
542 1129 662 1176 coquit
679 1134 711 1162 et
729 1134 846 1163 versat
865 1127 902 1162 in
917 1133 1060 1174 pectore
1069 1126 1162 1171 stra,

289 1179 435 1228 Ecquid
453 1181 522 1215 erit
535 1180 646 1228 pretii
661 1181 678 1214 ,Ρ

83 1227 200 1272 Licet
216 1229 328 1272 enim
349 1230 532 1273 versibus
564 1229 709 1272 iisdem
730 1228 837 1271 mihi
871 1228 985 1271 affari
1014 1237 1069 1281 te,
1105 1225 1262 1280 Attice,
1296 1224 1446 1284 quibus
1465 1224 1610 1267 affatur

83 1286 387 1340 Flamininum,
1444 1329 1446 1331 ,
1623 1285 1649 1319 5

290 1346 354 1383 Ille
366 1349 424 1384 vir
439 1346 537 1382 haud
555 1345 686 1391 magna*
704 1359 780 1382 cum
799 1359 848 1388 re,
867 1345 931 1382 sed
943 1345 1067 1394 plenus
1072 1343 1166 1390 fidei
1178 1357 1192 1385 ,-

81 1412 324 1455 quanquam
345 1400 457 1441 certo
480 1397 582 1450 scio,
607 1412 709 1450 non,
729 1406 774 1439 ut
795 1397 1098 1448 Flamininum,

290 1457 479 1494 Solia-itari
493 1466 535 1501 te,
556 1457 646 1499 Tite,
661 1459 715 1493 sic
725 1465 907 1506 noctesque
925 1457 1090 1505 (liesque‚·

79 1507 178 1551 novi
195 1509 309 1551 enim
347 1507 675 1551 moderationem
715 1506 846 1550 animi
881 1507 942 1549 tui
975 1516 1014 1548 et
1048 1505 1284 1563 aequitatem
1302 1521 1314 1557 ;
1365 1513 1486 1562 teque
1521 1518 1608 1546 non

80 1581 317 1624 cognomen
337 1567 476 1609 solum
494 1565 676 1608 Athenis
707 1565 957 1621 deportasse,
990 1565 1059 1605 sed
1094 1563 1396 1605 humanitatem
1433 1571 1472 1603 et
1506 1573 1679 1619 pru-10

78 1624 263 1667 dentiam
287 1624 494 1681 intelligo:
528 1634 567 1664 et
599 1633 739 1665 tamen
759 1632 797 1664 te
817 1623 1002 1679 suspicor
1023 1621 1166 1663 iisdem
1188 1621 1324 1672 rebus,
1347 1619 1497 1677 quibus
1516 1634 1607 1662 me-

80 1682 220 1737 ipsum
257 1682 464 1724 interdum
497 1680 662 1738 gravius
697 1679 975 1733 commoveri3
1011 1694 1184 1736 quarum
1209 1678 1435 1722 consolatio
1455 1687 1495 1719 et
1514 1692 1607 1719 ma-

73 1740 140 1795 jor
159 1748 235 1790 est,
257 1741 360 1781 etin
380 1738 488 1781 aliud
510 1748 673 1794 tempus
703 1738 939 1780 differenda.
995 1738 1128 1780 Nunc
1162 1749 1299 1778 autem
1334 1734 1440 1777 mihi
1471 1734 1610 1777 visum

77 1807 138 1839 est
157 1797 208 1838 de.
227 1800 435 1839 senectute
467 1795 623 1853 aliquid
652 1796 702 1838 ad
724 1807 763 1838 te
783 1793 1067 1846 conscribere;
1101 1795 1181 1836 hoc
1202 1793 1313 1835 euim
1334 1808 1473 1844 onere,
1495 1791 1608 1849 quod

79 1855 185 1896 mihi
216 1868 444 1896 commune
482 1864 621 1896 tecum
655 1863 730 1906 est,
771 1862 841 1895 aut
874 1855 959 1909 jam
996 1852 1178 1909 urgentis
1209 1860 1278 1892 aut
1311 1853 1419 1895 certe
1453 1849 1676 1896 adven-15

78 1913 203 1954 tantis
236 1912 474 1964 senectutis,
495 1921 535 1952 et
555 1921 610 1963 te,
633 1920 672 1953 et
691 1911 898 1967 meipsum
930 1909 1052 1952 levari
1071 1909 1192 1960 voto;
1226 1908 1300 1950 etsi
1320 1919 1358 1950 te
1378 1907 1546 1964 quidem
1565 1906 1608 1949 id

79 1970 246 2012 modice
295 1985 342 2011 ac
391 1970 608 2025 sapienter,
659 1969 767 2010 sicut
813 1968 972 2019 omnia,
1011 1977 1051 2008 et
1095 1966 1212 2018 ferre,
1244 1976 1283 2006 et
1312 1965 1490 2007 laturum
1523 1980 1610 2007 esse

79 2031 189 2070 certe
212 2026 313 2069 scio.
375 2028 456 2069 Sed
477 2027 600 2079 mihi,
623 2028 726 2068 cum
761 2026 811 2067 de
847 2034 1052 2067 senectute
1073 2023 1227 2081 aliquid
1249 2023 1392 2064 vellem
1416 2021 1606 2075 scribere,

81 2098 124 2128 tu
155 2084 400 2127 occurrebas
420 2084 570 2141 dignus
601 2098 649 2125 eo
682 2097 869 2135 munere,
892 2097 975 2139 quo
996 2093 1165 2140 uterque
1199 2083 1387 2123 nostrum
1410 2095 1605 2122 commu-

78 2142 186 2185 niter
205 2152 396 2185 uteretur.
456 2141 571 2184 Mihi
602 2139 778 2198 ,quidem
813 2139 871 2182 ita
897 2141 1086 2197 jucunda
1117 2139 1240 2196 hujus
1275 2138 1366 2180 libri
1401 2137 1605 2180 confectio
1623 2148 1679 2181 20

80 2200 172 2253 fuit,
195 2209 242 2242 ut
260 2215 348 2242 non
367 2200 497 2242 modo
527 2213 672 2241 omnes
706 2199 938 2241 absterserit
973 2197 1193 2240 senectutis
1213 2196 1436 2247 molestias,
1459 2196 1527 2237 ,ced
1546 2195 1606 2236 ef-

77 2257 218 2300 fecerit
249 2258 419 2300 mollem
454 2256 577 2299 etiam
613 2266 654 2298 et
679 2255 912 2313 jucundam
935 2265 1212 2306 senectutem3
1245 2269 1461 2310 uunquam
1482 2252 1606 2310 igitur

78 2317 175 2357 satis
195 2313 350 2357 laudari
369 2315 493 2372 digne
515 2313 663 2370 poterit
683 2311 962 2370 philosophia,
985 2313 1053 2354 cui
1074 2313 1145 2370 qui
1166 2322 1315 2367 pareat,
1337 2326 1462 2352 omne
1495 2321 1603 2352 tem·

80 2390 155 2430 pus
177 2372 308 2415 aetatis
328 2371 417 2414 sine
435 2372 626 2414 molestia
654 2372 782 2427 possit
817 2372 974 2425 degere.
1037 2371 1116 2412 Sed
1149 2370 1199 2411 de
1237 2369 1394 2410 eaeteris
1421 2378 1460 2410 ct
1494 2368 1602 2410 dixi-

78 2447 174 2473 mus
194 2429 340 2482 multa,
372 2439 412 2471 et
448 2445 556 2486 saepe
588 2429 804 2480 dieemus;
845 2430 957 2470 hunc
988 2426 1142 2470 librum
1176 2427 1226 2468 de
1259 2435 1466 2467 senectute
1497 2426 1545 2466 ad
1567 2435 1605 2467 te
1624 2437 1674 2471 25

79 2489 287 2532 misimus.
350 2487 537 2530 Omnem
557 2496 695 2529 autem
731 2501 964 2528 sermonem
986 2485 1207 2527 tribuimus
1228 2499 1314 2526 non
1332 2484 1533 2534 Tithono,
1560 2493 1605 2525 ut

79 2547 222 2589 Aristo
243 2544 404 2597 Chius;
438 2560 582 2600 parum
605 2543 718 2585 enim
749 2553 854 2586 esset
886 2542 1138 2585 auctoritatis
1180 2542 1223 2584 in
1244 2541 1409 2584 fabula:
1443 2542 1511 2582 sed
1533 2538 1601 2583 M.

79 2602 234 2647 Catoni
271 2601 375 2654 seni,
414 2604 498 2659 quo
532 2601 732 2655 majorem
769 2600 1055 2643 auctoritatem
1089 2600 1256 2645 haberet
1293 2596 1450 2640 oratio:
1494 2598 1601 2653 apud

76 2677 219 2719 quem,
251 2659 434 2702 Laelium
463 2669 504 2700 et
538 2658 778 2714 Scipionem
816 2657 992 2700 facimus
1026 2657 1288 2707 admirantes,
1321 2654 1430 2711 quod
1461 2654 1494 2695 is
1515 2664 1602 2697 tam

76 2719 196 2762 facile
218 2726 469 2760 senectutem
491 2716 606 2768 ferat,
621 2715 752 2773 iisque
771 2730 866 2757 euni
885 2714 1224 2771 respondentem3
1289 2712 1327 2754 ui
1350 2713 1381 2754 si
1403 2711 1601 2754 eruditius
1622 2724 1676 2757 30

75 2777 278 2820 videbitur
307 2774 526 2830 disputare,
549 2776 675 2831 quam
698 2773 910 2815 consuevit
938 2773 1021 2828 ipse
1044 2772 1086 2813 in
1123 2770 1207 2812 suis
1237 2729 1366 2820 libris,
1389 2768 1601 2811 attribuito

77 2835 238 2879 Graecis
278 2832 420 2886 literis,
452 2847 626 2889 quarum
659 2841 817 2874 constat
849 2845 944 2872 eum
976 2829 1276 2884 perstudiosum
1309 2827 1432 2869 fuisse
1461 2826 1502 2868 in
1535 2842 1598 2868 se-

1422 2894 1602 2927 nectute.
