1872 3135
106 174 181 211 lae

104 285 156 337 65
172 281 287 325 dium
308 283 428 332 vulgi]
449 281 596 322 vocati.

571 173 636 218 M.
667 163 870 216 TcLLn
905 164 1222 216 CICERONIS

656 280 744 322 Etsi
765 282 845 322 hoc
861 281 1012 323 factum
1031 284 1056 325 ὲ
1074 284 1271 325 Muraena
1285 281 1476 334 omnino,
1489 282 1514 325 J
1519 281 1671 332 udices,

172 354 255 381 non
275 349 358 381 est:
376 329 443 381 ”ab
477 339 562 394 ejus
593 336 736 378 amicis
756 346 892 378 autem
913 353 1024 380 more
1044 349 1083 380 et
1101 340 1225 381 modo
1246 339 1399 381 facturn
1422 349 1503 381 est:
1537 350 1676 380 tamen

173 396 406 437 admonitus
437 409 475 435 re
508 395 608 447 ipsa,
641 394 829 435 recordor
863 404 1065 450 quantum
1092 397 1159 437 hae
1193 397 1439 453 quaestiones
1459 395 1501 437 in
1521 397 1676 437 Senatu

174 453 326 494 habitae
344 459 592 506 punctorum
608 450 742 501 nobis,
765 451 892 502 Servi,
915 450 1171 493 detraxerim.

1228 453 1356 496 Quod
1375 453 1485 506 enim
1513 461 1676 507 tempus

176 508 251 549 fuit
284 518 353 550 aut
386 510 538 557 nostra,
560 518 628 548 aut
657 517 818 562 patrum
850 518 1084 550 nostrorum
1114 509 1329 560 memoria,
1349 524 1431 565 quo
1465 509 1570 560 haec,
1593 509 1675 550 sive

107 571 161 613 70
175 564 343 607 ambitio
377 573 451 614 est,
485 564 566 605 sive
597 563 812 606 liberalitas
851 576 937 606 non
967 563 1101 615 fuerit,
1123 574 1168 606 ut
1203 564 1316 606 locus
1346 574 1386 606 et
1417 564 1462 606 in
1491 565 1614 616 circo,
1637 574 1677 605 et

173 621 215 662 iri
252 621 337 662 foro
381 620 540 662 daretur
582 620 741 673 amicis,
778 631 818 663 et
847 620 1094 663 tribulibus?
1129 622 1217 662 haec
1249 621 1437 662 homines
1474 621 1678 663 tenuiores

173 678 374 732 primum,
395 693 446 720 ne
472 677 572 720 dum
592 679 663 736 qui
681 693 727 720 ea
746 677 828 720 suis
858 677 1075 721 tribulibus
1114 677 1235 721 veteri
1268 676 1455 721 instituto
1485 691 1673 734 asseque-

172 734 367 780 bantur*-

747 879 768 907 *Ε
782 885 888 921 Deest
902 884 1068 921 nonnihil.

227 1084 328 1126 XV.
361 1083 604 1125 Praefectum
635 1081 796 1125 fabrum
849 1081 975 1125 semel
1021 1083 1160 1125 locum
1206 1074 1424 1126 tribulibus
1471 1072 1554 1124 suis
1601 1082 1674 1125 d'e-

171 1140 301 1182 disse:
335 1140 433 1197 quid
482 1150 660 1182 statuent
702 1139 743 1182 in
792 1140 898 1183 viros

945 1140 1174 1196 primarios,
1221 1140 1292 1198 qui
1337 1141 1379 1182 in
1426 1139 1535 1182 circo
1572 1147 1678 1182 totas

172 1198 375 1249 tabernas,
407 1196 616 1239 tribulium
650 1200 788 1248 eausa,
810 1199 1126 1253 compararunt?
1174 1197 1266 1239 haec
1310 1196 1454 1239 omnia
1499 1206 1684 1238 sectato:

174 1269 280 1305 rum,
324 1254 664 1310 spectaculorum,
697 1253 962 1310 prandiorum
1007 1254 1105 1296 item
1157 1254 1330 1296 crimina
1358 1257 1385 1296 ὰ
1412 1252 1678 1296 multitudine

131 1310 216 1356 5in
255 1321 368 1353 tuam
397 1311 572 1354 nimiam
609 1309 880 1368 diligentiam,
916 1311 1044 1362 Servi,
1079 1312 1264 1367 conjecta
1293 1321 1388 1353 sunt
1400 1327 1414 1362 3
1451 1310 1495 1353 in
1524 1309 1677 1368 quibus

173 1379 311 1410 tamen
377 1367 570 1409 Muraena
616 1368 667 1410 ab
716 1369 892 1410 Senatus

1558 1365 1676 1410 Quid

944 1367 1188 1410 auctoritate
1226 1367 1469 1410 defenditur.

170 1425 312 1468 enim?
346 1426 520 1468 Senatus
550 1439 653 1482 num
685 1424 850 1467 obviam
882 1423 1039 1480 prodire
1072 1425 1227 1467 crimen
1275 1425 1422 1480 putat?
1473 1439 1575 1475 non,
1607 1423 1677 1466 sed

169 1481 383 1524 mercede:
434 1480 659 1530 convincej
691 1496 794 1523 num
815 1481 958 1524 sectari
987 1481 1169 1522 multos?
1199 1496 1301 1532 non,
1323 1480 1391 1523 sed
1422 1481 1674 1523 conductos:

168 1538 272 1580 doce
299 1538 548 1581 conductos:
581 1553 684 1579 num
722 1538 861 1579 locum
891 1538 942 1579 ad
972 1537 1242 1593 spectandum
1261 1538 1370 1589 dare,
1393 1546 1464 1579 aut
1481 1537 1531 1579 ad
1551 1551 1676 1593 pran-

105 1599 157 1641 10
169 1594 285 1637 dium
306 1594 504 1637 invitare?
538 1594 730 1646 minime,
745 1594 813 1636 sed
831 1595 957 1651 vulgo
973 1596 1135 1650 passim.
1195 1594 1309 1638 Quid
1326 1604 1387 1637 est
1397 1593 1545 1652 vulgo?
1577 1593 1676 1637 uni-

168 1666 314 1696 versos.
370 1653 476 1696 Non
504 1650 643 1708 igitur,
666 1650 699 1693 si
727 1653 779 1694 L.
807 1652 941 1695 Natta
958 1666 1126 1694 summo
1143 1651 1235 1694 loco
1256 1651 1505 1704 adolescens,
1528 1651 1614 1708 qui,
1635 1659 1675 1692 et

211 1859 264 1891 66.
288 1859 379 1890 illore
394 1862 420 1888 et
436 1857 642 1894 modosactum
654 1853 725 1896 est]
771 1857 900 1887 Fatetur

166 1903 295 1946 quidem
312 1911 455 1935 concessa
470 1900 563 1931 fuisse
580 1900 647 1930 haec
663 1899 840 1941 spectacula
859 1899 900 1930 ab

163 1947 274 1980 amicis
285 1948 443 1978 Muraenae
457 1956 466 1982 3
489 1943 541 1974 sed
557 1943 588 1974 id
604 1953 706 1986 neque
719 1953 899 1985 repugnan-

165 1999 196 2023 te
211 2001 312 2026 more,
327 1999 428 2030 neque
444 1987 653 2018 immoderate
668 1986 788 2018 factum
804 1998 878 2018 esse.

207 2036 257 2065 68.
282 2031 490 2070 Pandoram]
516 2033 636 2062 Puncta
651 2030 800 2072 suffragia
812 2038 897 2067 sunt,

162 2078 238 2110 hinc
251 2078 346 2114 dicta,
357 2076 441 2119 quod
455 2075 485 2105 in
502 2074 618 2106 tabulis
634 2082 834 2106 notarentur.

207 2122 259 2152 70.
284 2121 383 2152 Locus
398 2120 429 2149 in
445 2118 544 2156 circa]
572 2117 637 2160 Qii
653 2117 720 2148 loca
736 2117 897 2150 habebant

162 2166 195 2198 in
217 2165 312 2202 circo,
327 2175 363 2195 ea
379 2162 568 2206 quandoq'tie
582 2161 688 2192 amicis
703 2159 895 2192 benevolen-

162 2210 206 2242 tia
223 2205 446 2247 concedebant,
462 2215 497 2237 ut
511 2206 584 2236 inde
600 2204 690 2235 ludos
705 2212 895 2248 spectarent,

163 2253 217 2295 qui
234 2252 254 2283 it
267 2252 350 2283 circo
367 2251 532 2291 Circenses
548 2249 624 2280 dicti
640 2256 723 2278 sunt.

207 2298 225 2325 '7
236 2298 258 2327 Ι.
274 2297 312 2327 In
320 2293 420 2336 fora]
441 2295 477 2325 ln
489 2291 559 2324 foro
570 2292 634 2323 ludi
646 2290 830 2334 gladiatorii
840 2290 896 2322 da·

161 2340 289 2375 bantur.

211 2386 239 2414 1.
264 2383 444 2420 Frffseceum
458 2376 604 2420 sabaim]
655 2378 826 2410 Praesectus
849 2378 898 2409 fa-

160 2427 295 2460 brorum
331 2425 506 2460 dicebatur,
531 2423 585 2464 quj
617 2420 715 2453 fabris
744 2422 898 2463 lignariis,

161 2469 377 2512 carpentariis,
390 2467 541 2502 ferrariis,
560 2467 620 2497 διε.
639 2474 781 2508 praeerat.

202 2516 232 2544 3.
258 2513 416 2549 Tabernas,
429 2510 608 2552 tribulium]
651 2509 808 2540 Tabernae
840 2519 894 2540 ex-

158 2565 288 2591 structae
302 2564 394 2588 erant
409 2556 442 2586 in
459 2555 544 2586 circo
557 2553 709 2590 maximo,
727 2556 789 2594 quo
805 2563 892 2584 corn·

156 2602 283 2634 modius
294 2599 361 2632 ludi
377 2605 614 2641 spectarentur;
638 2608 683 2628 eae
698 2598 793 2638 porro
808 2595 893 2626 loca-

155 2638 273 2678 'bantur
285 2643 431 2686 pecunia,
444 2641 635 2684 quandoque
658 2641 754 2671 etiam
775 2635 891 2671 libera-

154 2689 231 2722 liter
247 2688 264 2718 ὲ
275 2686 413 2718 dominis
424 2685 594 2717 tribuIIbus
602 2683 665 2716 suis
676 2682 873 2715 concedebat:
882 2701 891 2708 -

157 2741 222 2765 tur.
268 2729 452 2762 Plutarchus
480 2732 542 2760 uni
571 2737 666 2760 nocte
696 2731 712 2757 a
744 2727 892 2758 Graccho

156 2775 292 2809 sublatas
308 2784 372 2804 esse
388 2773 510 2804 scribit.

197 2819 231 2849 4.
256 2818 389 2848 Crimina
404 2817 422 2845 ἁ
437 2814 655 2857 multitudine]
678 2813 792 2846 Cicero
809 2811 890 2855 obji-

153 2858 199 2896 cit
221 2861 341 2901 servio,
369 2861 496 2893 credere
523 2858 777 2901 multitudinem,
800 2857 889 2900 quod

943 1854 1039 1887 nimia
1062 1853 1195 1894 quidam
1226 1854 1390 1887 accusandi
1415 1852 1591 1897 cupiditate
1607 1855 1677 1888 haee

941 1899 1049 1929 onmia
1065 1898 1218 1930 levissima
1236 1898 1271 1929 ab
1289 1899 1357 1941 ipso
1372 1898 1504 1931 collecta
1519 1899 1606 1940 quasi
1627 1908 1676 1932 tot

941 1942 1073 1974 crimina
1089 1943 1122 1974 in
1148 1944 1331 1973 Muraenam
1345 1942 1564 1985 conjiciantur.

984 1987 1014 2016 7.
1039 1986 1163 2016 senatus
1181 1997 1249 2016 num
1264 1985 1406 2025 obviam]
1453 1986 1513 2017 Ait
1549 1984 1693 2023 Cicero,'

940 2029 1069 2072 prodire
1081 2030 1221 2067 obviam,
1230 2030 1353 2066 sectari,
1368 2030 1427 2060 &c.
1440 2039 1602 2072 nunquam
1621 2029 1675 2060 Se-

939 2082 1051 2105 natum
1077 2073 1236 2116 pertinere
1271 2073 1310 2104 ad
1340 2073 1459 2104 crimen
1480 2072 1677 2115 judicavisse,

938 2116 999 2148 nisi
1030 2118 1084 2158 qui
1105 2118 1264 2159 prodeunt
1289 2123 1321 2149 et
1340 2125 1514 2155 sectantur,
1530 2117 1674 2149 mercede

939 2169 1199 2202 corrumpantur.

988 2206 1034 2234 10.
1055 2205 1117 2234 Sed
1129 2205 1215 2244 vulgo
1228 2202 1361 2244 passim]
1387 2202 1463 2234 Non
1486 2210 1533 2243 est
1551 2201 1672 2234 'crimen

940 2246 1016 2279 dare
1031 2247 1138 2280 locum
1153 2248 1191 2279 ad
1206 2247 1424 2290 spectandum,
1439 2246 1575 2278 invitare
1590 2246 1673 2278 mul-

940 2298 990 2322 tos
1015 2293 1056 2323 ad
1088 2291 1268 2334 prandium,
1292 2290 1379 2322 verbi
1407 2290 1512 2332 gratia
1541 2282 1675 2322 tribules

942 2346 1028 2372 suos3
1051 2337 1103 2366 sed
1129 2335 1249 2367 crimen
1273 2342 1320 2366 est
1339 2333 1503 2366 universos
1517 2333 1677 2373 invitare3

942 2381 1026 2421 quod
1044 2380 1195 2410 Muraena
1206 2389 1269 2409 non
1282 2377 1368 2409 fecit.
1460 2415 1462 2418 y

990 2424 1036 2451 11.
1060 2423 1096 2453 Si
1110 2423 1148 2453 L.
1169 2421 1295 2463 Natta]
1320 2421 1393 2452 Non
1415 2420 1511 2453 debet
1534 2420 1672 2452 accusari

940 2466 1092 2497 Muraena
1107 2465 1256 2504 ambitos,
1272 2465 1297 2495 si
1314 2465 1414 2496 Natta
1428 2465 1595 2507 privignus
1607 2465 1675 2505 ejus

937 2509 1077 2551 aliquem
1088 2510 1192 2540 locum
1204 2509 1255 2540 vel
1265 2509 1447 2541 convivium
1459 2507 1610 2539 centuriis
1618 2509 1675 2545 cie—

938 2554 1032 2590 derit,
1047 2554 1132 2594 quod
1149 2564 1211 2583 non
1229 2560 1294 2583 tam
1308 2548 1396 2585 dedit
1408 2560 1442 2584 ut
1453 2553 1614 2584 Muraenae
1626 2551 1673 2582 fa·

936 2604 1035 2634 vetet,
1052 2597 1145 2638 quim
1162 2597 1197 2628 u't
1209 2597 1275 2638 ipse
1291 2596 1353 2627 suis
1365 2595 1537 2628 tribulibus
1551 2595 1673 2638 gratio·

936 2651 986 2671 sus
1002 2649 1091 2671 esset.

981 2683 1024 2714 lb.
1040 2684 1158 2713 Summo
1170 2683 1230 2714 loro
1243 2682 1430 2726 adolescens]
1454 2684 1553 2715 Natta
1569 2680 1622 2714 ille
1633 2690 1671 2712 ex

936 2726 1055 2757 familia
1073 2726 1274 2758 Pinariorum
1288 2727 1348 2758 fuit
1362 2726 1554 2758 nobilissima
1567 2732 1599 2756 et
1614 2731 1670 2754 an-

935 2769 1111 2811 tiquissima
1133 2770 1218 2812 apud
1240 2772 1416 2808 Romanos,
1437 2770 1592 2812 siquidem
1604 2769 1669 2809 jam

936 2813 1074 2844 Evandri
1092 2812 1288 2856 temporibun
1306 2813 1436 2846 celebris
1461 2821 1538 2846 erat.
1576 2811 1667 2852 Vir&

934 2857 1062 2890 AEneid.
1083 2861 1112 2889 8.

1584 2911 1666 2953 quo
