1872 3140
654 163 716 211 M,-
745 165 945 207 TULLII
976 165 1283 210 CICERONIS

695 332 914 376 TERTIA
941 335 1255 381 PROBATIO.

548 445 617 482 Ubi
633 433 839 496 refutantur
855 461 930 498 quoe
946 448 988 485 cle
1001 448 1110 486 servis
1127 449 1389 498 oly'iciebczntur.

277 554 372 595 XII.
394 553 479 595 Cur
498 554 619 610 igitur
640 571 706 597 eos
726 556 987 598 manumisit?
1022 558 1227 602 metuebat
1249 558 1396 599 scilicet
1416 571 1468 597 ne
1488 556 1731 602 indicarent}

222 625 274 652 ne
294 612 476 651 dolorem
507 611 687 666 perferre
718 628 802 654 non
822 624 1006 668 possent:
1038 629 1089 655 ne
1119 615 1331 656 tormentis
1351 625 1604 668 cogerentur,
1623 613 1727 660 occi..

221 683 312 708 sum
331 682 414 709 esse
433 665 456 715 ὲ
475 671 595 710 servis
616 670 783 710 Milonis
803 671 844 711 in
866 669 1000 727 Appia
1025 670 1090 712 vizi
1108 672 1155 712 P.
1173 671 1363 712 Clodium
1383 668 1580 711 confiteri}
1613 670 1733 725 Quid,

221 739 322 780 opus
358 735 416 765 est
455 726 638 772 tortore?
683 727 781 780 quid
811 727 986 782 quaeris?
1030 727 1305 775 occideritne?
1336 726 1504 772 occidit:
1539 726 1645 778 jure,
1671 739 1724 768 an

184 786 209 822 5
225 778 396 834 injuria?
427 782 530 822 nihil
549 783 599 823 ad
620 793 842 832 tortorem3
875 784 968 825 facti
989 786 1097 829 enim
1119 785 1161 824 in
1183 785 1354 839 equuleo
1375 783 1543 835 quaestio
1562 792 1637 831 est,
1659 781 1726 834 ju-

221 837 277 878 ris
297 838 337 878 in
352 839 505 890 judicio
520 855 532 888 3
550 841 659 893 quod
679 840 800 895 igitur
822 841 863 880 in
879 839 994 881 cause
1014 841 1280 895 quaerendurn
1295 851 1368 888 est,
1389 840 1431 880 id
1451 853 1614 895 agamus
1631 837 1726 880 hic:

222 895 335 949 quod
362 896 573 936 tormentis
593 897 772 937 invenire
792 897 864 946 vis,
886 897 926 939 id
960 897 1146 938 fatemur.

1205 898 1334 939 Manu
1352 893 1449 938 verb
1470 911 1542 937 cur
1559 895 1728 945 miserit,

221 951 254 992 si
275 951 317 991 id
332 949 466 1005 potius
487 954 645 1006 quaeris,
667 951 787 1008 quai-m
813 968 882 994 cur
911 952 1054 1009 parum
1073 955 1213 1009 amplis
1228 954 1406 997 affecerit
1425 953 1625 1008 praemii53
1655 965 1729 992 ne-

223 1007 297 1048 scis
326 1008 476 1049 inimici
498 1008 650 1050 factum
668 1011 991 1064 reprehendet-«223
1022 1012 1125 1052 dixit
1145 1012 1254 1051 enim
1272 1011 1338 1052 hic
1358 1011 1481 1059 idem,
1503 1010 1572 1064 qui
1591 1007 1728 1051 omnia

159 1070 381 1118 IOsernper
417 1075 646 1106 constanter
684 1078 724 1107 et
757 1066 929 1115 fortiter,
969 1068 1030 1108 M.
1069 1067 1198 1117 Cat03
1229 1068 1414 1122 dixitque
1433 1067 1477 1114 in
1496 1063 1727 1108 turbulenta

224 1122 436 1171 concione,
469 1137 559 1177 quae
594 1134 728 1164 tamen
761 1124 843 1175 ejus
863 1125 1097 1165 auctoritate
1130 1126 1280 1178 placata
1319 1135 1392 1173 est,
1431 1137 1515 1164 non
1543 1123 1729 1164 libertate

224 1174 372 1226 solum,
392 1179 462 1219 sed
496 1180 616 1220 etiam
637 1180 822 1220 omnibus
850 1181 1024 1234 praemiis
1056 1181 1308 1235 dignissimos
1341 1180 1475 1228 fuisse,
1495 1177 1565 1236 qui
1594 1179 1728 1220 domi·

197 1275 200 1277 ,
223 1234 266 1276 ni
288 1245 405 1289 caput
427 1234 712 1283 defendissent.

774 1237 898 1291 Quod
933 1238 1042 1278 enim
1076 1239 1287 1291 praemium
1321 1238 1411 1277 satis
1443 1250 1637 1292 magnum
1667 1245 1729 1277 est

222 1299 306 1330 tam
346 1291 564 1340 benevolis,
611 1303 694 1332 tam
741 1293 871 1342 bonis,
915 1304 997 1334 tam
1041 1294 1226 1335 fidelibus
1265 1295 1404 1344 servis,
1434 1304 1598 1348 propter
1626 1306 1728 1346 quos

160 1353 212 1390 15
225 1345 356 1387 vivit?
388 1348 459 1388 etsi
480 1348 522 1388 id
543 1349 707 1401 quidem
727 1363 811 1389 non
845 1351 944 1390 tanti
976 1361 1050 1397 est,
1081 1350 1202 1404 quiun
1233 1348 1346 1405 quod
1373 1360 1537 1404 propter
1565 1349 1729 1393 eosdem

222 1417 307 1443 non
327 1404 520 1458 sanguine
554 1415 593 1445 et
627 1406 857 1445 vulneribus
877 1407 955 1448 suis
975 1404 1234 1448 crudelissimi
1264 1407 1415 1448 inimici
1435 1416 1615 1448 mentem
1634 1419 1729 1446 ocu-

223 1461 364 1514 losque
403 1461 577 1510 satiavit3
622 1477 723 1515 quos
770 1463 845 1502 nisi
888 1464 1194 1512 manumisisset,
1233 1463 1445 1505 tormentis
1490 1462 1613 1503 etiam
1659 1459 1730 1501 de-

222 1516 348 1557 dendi
376 1515 558 1565 fuissent,
588 1529 886 1559 conservatores
915 1520 1086 1567 domini,
1113 1521 1263 1561 ultores
1292 1519 1465 1568 sceleris,
1499 1516 1730 1560 defensores

226 1573 349 1614 necis.
408 1573 487 1613 Hic
522 1571 619 1614 verb
658 1575 760 1615 nihil
794 1576 914 1616 habet
953 1576 995 1615 in
1028 1577 1090 1617 his
1124 1577 1251 1625 malis,
1279 1576 1389 1630 quod
1408 1572 1544 1622 minus
1562 1571 1732 1617 moleste

155 1636 212 1674 20
226 1629 344 1678 ferat,
381 1628 520 1684 quim,
549 1631 670 1670 etiam
700 1632 733 1671 si
762 1632 860 1686 quid
904 1633 978 1687 ipsi
1007 1633 1173 1682 accidat,
1216 1648 1299 1674 esse
1341 1642 1477 1673 tamen
1506 1632 1583 1673 illis
1609 1631 1732 1687 meri-

226 1695 316 1728 tum
359 1687 571 1740 praemium
613 1689 874 1740 persolutum.

949 1688 1031 1733 Sed
1060 1690 1298 1743 quaestiones
1340 1698 1486 1743 urgent
1515 1688 1731 1736 Milonem.

228 1757 319 1798 quae
348 1754 440 1785 sunt
468 1744 619 1793 habitae
648 1757 757 1792 nunc
794 1745 838 1785 in
868 1745 968 1786 atrio
997 1746 1238 1795 Libertatis3
1287 1746 1525 1803 quibusnam
1552 1745 1604 1791 de
1645 1758 1728 1785 ser-

262 2028 294 2057 1.
310 2024 506 2066 DIanumis-It]
514 2027 703 2058 Manumitti
717 2037 822 2059 servus
835 2027 957 2058 diceba-

230 2074 293 2105 tur,
308 2068 383 2099 cum
395 2070 544 2100 dominun
558 2071 625 2108 ejus
640 2079 695 2101 aut
710 2079 804 2110 caput
815 2069 955 2110 ejusdem

228 2112 322 2148 servi,
336 2117 392 2141 aut
406 2112 490 2143 aliud
507 2114 688 2145 membrum
704 2121 813 2144 tenens
825 2114 959 2151 dicebat,

229 2153 322 2184 Hune
341 2154 478 2184 bominem
498 2154 614 2185 &berum
636 2166 692 2189 esse
717 2156 795 2186 uolo.-
825 2164 855 2186 et
881 2166 958 2187 eum

229 2196 395 2228 emittebat
422 2207 530 2228 manu.
576 2199 700 2229 Postero
721 2200 806 2229 enim
823 2199 872 2229 die
894 2209 957 2238 quo

229 2240 352 2271 occisus
371 2246 418 2270 est
445 2240 586 2275 Clodius,
611 2240 691 2272 Milo
715 2251 755 2272 ex
781 2242 878 2273 servis
893 2242 957 2273 suis

229 2281 399 2320 duodecim
411 2283 605 2314 manumisit.

273 2328 303 2354 4.
329 2325 471 2367 Tartara]
495 2327 604 2355 Ἱόηοτ
633 2327 657 2356 is
678 2325 773 2365 vulgo
791 2326 961 2363 dicebatur,

233 2367 287 2407 qui
300 2368 464 2408 torquebat
474 2369 504 2401 in
517 2369 732 2407 equuleo,non
744 2369 958 2400 interficiebat.

272 2412 303 2441 5.
319 2412 357 2441 In
371 2410 514 2454 equalem]
529 2411 693 2453 Equulcus
715 2421 814 2451 genus
837 2419 883 2442 est
900 2420 960 2442 tor-

230 2453 346 2490 menti,
373 2453 404 2484 in
420 2462 486 2494 quo
510 2454 549 2485 ad
574 2455 799 2485 inveniendum
827 2455 958 2493 alicujus

231 2496 305 2526 facti
321 2497 484 2528 veritatem
496 2498 576 2528 servi
598 2504 652 2528 aut
671 2497 808 2528 malefici
833 2504 959 2538 torque-

231 2537 357 2570 bantur.
413 2538 573 2580 Equuleus
602 2546 709 2570 autem
742 2540 866 2570 Canasta
898 2541 958 2571 fuit

233 2580 353 2619 lignea,
368 2582 532 2613 cochleam
548 2583 588 2612 ad
609 2583 837 2614 intendendum
852 2592 890 2613 ac
908 2593 953 2613 re-

231 2623 426 2655 mittendum
450 2631 530 2664 apta.
577 2625 709 2657 Catastae
726 2625 801 2656 huic
815 2626 868 2658 ubi
884 2626 955 2657 bra-

230 2665 314 2702 chia,
340 2667 495 2707 pedesque
523 2668 627 2700 nervis
657 2668 859 2710 quibusdam,
883 2679 955 2708 quae

230 2706 366 2738 fidiculae
401 2710 596 2749 dicebantur,
627 2710 852 2750 alligaverant3
883 2718 956 2743 tum

230 2749 345 2782 canas&
362 2749 492 2789 intenti,
510 2760 604 2794 atque
619 2754 653 2784 in
667 2754 769 2785 altum
785 2751 899 2791 emus,
916 2762 952 2785 ut

229 2801 268 2822 ex
281 2791 316 2823 ei
342 2796 429 2832 quasi
443 2804 481 2826 ex
496 2804 588 2827 cruce
613 2793 764 2836 quidam,
787 2798 882 2828 miser
899 2797 953 2828 ille

230 2835 384 2873 penderet.
411 2836 553 2876 primum
577 2847 765 2879 compagem
788 2840 887 2879 ipsam
902 2849 952 2870 os-

229 2878 313 2910 sium
327 2878 395 2920 ejus
404 2880 608 2914 divellebant:
625 2882 735 2915 deinde
745 2882 951 2916 candentibus

1639 1800 1697 1842 vis
1715 1799 1730 1841 ἓ

999 2027 1141 2068 ejusdem
1164 2028 1284 2068 corpori
1309 2027 1436 2059 laminis
1459 2028 1604 2063 admotis,
1632 2032 1730 2066 atque

1000 2071 1128 2101 bisulcis
1158 2070 1284 2110 ungulis
1308 2071 1411 2100 ferreis
1427 2070 1577 2102 lateribus
1593 2069 1729 2107 laniatis,

1000 2113 1112 2144 doloris
1124 2114 1326 2144 acerbitatem
1338 2114 1503 2152 augebant.
1527 2113 1728 2144 Sozomeuus

1002 2156 1082 2186 Hist.
1102 2155 1186 2186 Eccl.
1201 2156 1252 2186 lib.
1269 2157 1299 2186 5.

1045 2200 1092 2229 10.
1108 2198 1156 2228 171.
1172 2198 1265 2236 Cala]
1292 2198 1309 2228 J
1314 2197 1395 2228 udex
1420 2199 1453 2228 in
1467 2196 1528 2229 hic
1550 2195 1645 2233 causa}
1661 2203 1726 2229 erat

1000 2241 1052 2271 M.
1070 2242 1157 2276 Cato.

1054 2285 1099 2313 16.
1117 2282 1306 2314 Crudelissimi
1318 2280 1451 2324 inimici]
1468 2282 1583 2316 Clodii.

1047 2327 1082 2356 21
1092 2351 1097 2355 .
1109 2326 1166 2356 Sed
1173 2327 1338 2367 quoesliones
1347 2329 1453 2365 urgent
1465 2325 1632 2366 libionem]
1643 2324 1727 2358 Ciam

1001 2369 1081 2399 servi
1101 2368 1228 2399 Milonis
1244 2369 1432 2404 manumissi
1460 2369 1594 2400 fuissent
1618 2369 1658 2400 ab
1680 2378 1733 2407 εο,

1002 2422 1067 2442 non
1085 2418 1253 2451 potuerunt
1267 2412 1434 2451 quaestioni
1449 2412 1574 2450 subjici.
1603 2413 1726 2452 Appius

1002 2454 1143 2490 Clodius,
1174 2455 1228 2494 qui
1257 2455 1419 2485 eratfilius
1437 2455 1471 2485 C.
1498 2454 1609 2492 Clodii,
1635 2455 1726 2486 is'tius

1002 2497 1104 2529 Clodii
1120 2499 1158 2528 de
1169 2507 1232 2536 quo
1242 2495 1297 2534 hic
1309 2498 1423 2537 agitur,
1435 2499 1538 2534 frater,
1553 2497 1725 2538 postulavit

1000 2547 1037 2571 ut
1052 2542 1153 2579 patrui
1180 2541 1228 2571 sui
1249 2541 1332 2571 servi
1348 2540 1726 2583 qua-stionisubjiceren-

998 2590 1056 2614 tur.

1040 2627 1090 2655 22.
1112 2625 1152 2656 In
1178 2626 1251 2657 atrio
1277 2625 1454 2665 Libertatis]
1486 2624 1582 2657 Juxta
1604 2625 1733 2666 templa-

998 2668 1075 2699 atria
1093 2668 1233 2703 fuerunt.
1261 2669 1316 2700 ubi
1335 2679 1419 2710 saepe
1432 2667 1485 2704 vel
1497 2669 1736 2706 exercebantur-

996 2711 1127 2748 judicia,
1138 2711 1187 2741 vel
1213 2712 1343 2742 Senatus
1358 2712 1545 2748 habebatur,
1563 2712 1638 2751 quia
1646 2709 1722 2742 alibi

995 2753 1094 2796 quam
1110 2754 1143 2783 in
1159 2753 1229 2784 loco
1243 2763 1330 2786 sacro
1345 2755 1451 2786 haberi
1468 2754 1555 2785 nefas
1566 2753 1636 2785 suit.

1037 2797 1081 2827 lb.
1114 2795 1289 2837 Libertatis-J
1340 2799 1463 2828 Veteres
1500 2796 1635 2829 Romani
1669 2795 1721 2829 Li-

994 2840 1147 2872 bertatem
1171 2849 1227 2881 pro
1252 2837 1320 2873 Dei
1343 2839 1520 2878 coluerunt,
1549 2845 1587 2873 ut
1609 2835 1727 2915 quegio

1611 2889 1672 2919 §cn
1708 2886 1721 2918 t
