1872 3140
141 132 162 166 'v’

167 132 191 166 k<-

126 768 181 805 60
198 769 287 796 suos
305 754 321 797 ?
341 757 409 797 sed
429 759 573 799 omitto
592 767 768 798 caeteros.

642 134 705 175 M.
733 132 933 176 TULLn
963 133 1269 189 CICERONIS

203 260 366 302 quoque
399 249 543 302 eripuit
573 249 684 287 vobis
713 247 940 289 Antonius:

971 249 1182 290 auctoritas
1210 248 1329 300 hujus
1362 249 1512 291 ordinis
1549 249 1695 293 afflicta

202 316 287 354 est;
317 304 459 346 afflixit
481 304 709 345 Antonius:
739 305 875 344 omnia
904 305 1093 373 denique,
1114 319 1204 359 quae
1225 301 1361 359 postea
1379 307 1549 348 vidimus
1579 308 1696 362 (quid

201 371 336 402 autern
370 363 464 402 mali
498 375 580 400 non
616 360 786 400 vidimus
801 358 835 409 ἓ)
865 361 896 400 si
931 372 1038 403 recte
1070 361 1406 409 ratiocinabimur,
1439 365 1509 403 uni
1543 362 1693 418 accepti

200 417 419 459 referemus
442 417 646 457 Antonio:
675 427 719 457 ut
739 416 898 457 Helena
925 418 1126 469 Trojanis,
1158 418 1212 458 sic
1241 418 1314 459 iste
1341 419 1436 460 huic
1465 420 1693 473 reipublicae

127 470 181 506 55
201 488 314 515 causa
343 475 450 522 belii,
479 487 608 536 causa·
625 473 743 527 pestis
772 485 892 527 atque
912 475 1023 515 exitii
1043 473 1134 515 fuit.
1193 473 1378 528 Reliquae
1398 486 1527 529 partes
1544 476 1694 517 Tribu-

199 528 317 571 nattis
348 530 542 584 principio
580 530 750 571 similes:
779 530 914 571 omnia
950 531 1133 585 perfecit,
1167 545 1257 586 quae
1295 532 1465 572 Senatus
1483 532 1602 574 *salva
1629 547 1695 575 re*

198 585 373 640 publica,
393 601 445 628 ne
464 587 552 628 fieri
571 588 746 642 possent,
767 592 783 607 ¹¹
803 586 1023 640 perfecerat
1038 605 1050 637 3
1071 589 1180 639 cujus
1200 598 1335 628 tamen
1353 588 1477 628 scelus
1493 587 1534 628 in
1546 589 1692 635 scelere

197 643 440 697 cognoscite.

500 642 752 684 Restituebat
783 644 930 684 multos
962 645 1234 693 calamitosos;
1265 645 1307 684 in
1336 644 1398 685 his
1426 645 1557 698 patrui
1584 647 1713 691 nulla,

198 701 374 741 mentio:
401 701 434 741 si
466 715 640 748 severus,
669 715 739 741 cur
758 715 841 740 non
863 700 902 740 in
924 700 1095 742 omnes?
1127 702 1158 741 si
1178 701 1415 750 misericors,
1449 715 1519 740 cur
1547 703 1692 748 nonin

827 757 1027 798 Licinium
1049 758 1306 798 Denticulam
1326 759 1378 798 de
1397 756 1482 798 alea
1501 759 1694 802 condem-

195 823 351 862 natum,
370 815 608 855 collusorem
627 828 756 862 suurn,
771 814 942 854 restituit
958 831 969 862 3
1001 816 1111 868 quasi
1128 812 1222 854 vero
1243 815 1382 855 ludere
1393 829 1484 855 cum
1499 814 1694 861 condem·

196 881 292 910 nato
320 883 403 911 non
436 872 598 912 liceret:
626 871 695 910 sed
728 881 786 918 ut,
807 872 914 923 quod
945 871 1011 910 ille
1040 871 1082 911 in
1112 868 1195 911 ale&
1223 871 1465 924 perdiderat,
1494 870 1713 917 beneficio'

195 927 294 981 legis
313 927 558 969 dissolveret.
617 927 753 983 Quam
782 926 946 967 attulisti
974 928 1172 968 rationem
1205 929 1354 983 populo
1383 927 1587 976 Romano,
1619 942 1693 968 cur

197 996 290 1023 eum
320 984 474 1025 restitui
508 982 746 1038 oporteret?
776 985 982 1024 absentem
1021 985 1142 1025 credo
1176 985 1216 1024 in
1257 999 1345 1025 reos
1375 985 1575 1034 relatum;
1603 999 1694 1026 rem

125 1053 178 1090 65
196 1037 346 1081 indicta
375 1038 489 1082 causa
515 1041 760 1094 judicatam3
790 1041 946 1080 nullum
974 1040 1094 1082 fuisse
1113 1041 1163 1082 de
1184 1040 1269 1082 alea
1287 1042 1376 1096 lege
1400 1041 1623 1093 judicium:
1649 1041 1691 1085 vi

195 1109 428 1150 oppressum
448 1109 488 1139 et
507 1099 650 1147 armis3
682 1093 901 1152 postremo,
931 1098 1040 1151 quod
1059 1099 1110 1138 de
1133 1109 1273 1152 patruo
1293 1108 1364 1138 tuo
1383 1097 1604 1146 dicebatur,
1622 1111 1693 1152 pe-

195 1152 313 1194 cunia
333 1153 530 1206 judicium
565 1170 648 1196 esse
679 1165 938 1208 corruptum:

967 1155 1069 1194 nihil
1094 1157 1252 1195 horum.
1313 1156 1370 1194 At
1401 1155 1461 1194 vir
1486 1156 1616 1195 bonus
1649 1165 1691 1196 et

194 1209 396 1264 republica
415 1211 572 1266 dignus.
629 1211 747 1251 Nihil
777 1211 819 1250 id
849 1211 1011 1264 quidem
1042 1212 1090 1252 ad
1121 1226 1231 1252 rem:
1260 1225 1335 1266 ego
1364 1222 1514 1260 tamen,
1541 1211 1691 1266 quoni-

195 1280 260 1308 am
278 1268 592 1310 condemnatum
612 1282 694 1309 esse
714 1281 787 1332 pro
807 1267 934 1308 nihilo
956 1279 1029 1316 est,
1049 1269 1080 1308 si
1100 1268 1152 1308 ita
1173 1279 1288 1317 esset,
1307 1268 1584 1323 ignoscerem3
1615 1269 1692 1310 ho-

123 1335 179 1374 70
195 1324 346 1366 minem
365 1325 547 1365 omnium
578 1325 882 1379 nequissimum,
916 1324 984 1378 qui
1005 1339 1086 1365 non
1107 1326 1306 1366 dubitaret
1326 1317 1388 1364 vel
1409 1324 1450 1364 in
1480 1323 1572 1366 foro
1605 1322 1693 1367 alea

194 1381 347 1429 ludere,
374 1382 477 1435 lege,
511 1396 601 1436 quae
634 1394 691 1422 est
719 1381 770 1422 de
799 1379 898 1427 alea,
932 1382 1259 1428 condemnatum,
1290 1382 1359 1435 qui
1389 1381 1430 1420 in
1451 1377 1689 1436 ‘’integi-um

193 1437 379 1485 restituit,
400 1439 431 1479 is
451 1452 533 1478 non
563 1435 808 1493 apertissime
842 1439 1019 1478 studium
1039 1452 1154 1478 suurn
1175 1438 1258 1491 ipse
1277 1438 1489 1492 profitetur
1507 1435 1523 1478 ?
1551 1437 1600 1479 In
1620 1451 1710 1479 eo-v

193 1493 287 1535 dem
305 1492 401 1536 vero
428 1495 671 1545 Tribunatu,
701 1492 795 1536 cum
826 1493 960 1536 Caesar
980 1495 1023 1535 in
1043 1494 1279 1549 Hispaniam
1308 1494 1575 1549 proficiscens,
1592 1495 1691 1536 huic

436 1744 453 1760 ¹²
470 1746 626 1776 vetuerat
643 1751 683 1775 ne
690 1739 826 1786 flerent.

239 1909 288 1939 ιη’-ξ.
312 1906 423 1937 Helena
452 1904 608 1945 Trcfflmis]
634 1906 759 1936 Helena
779 1906 918 1946 Tyndari

196 1952 260 1982 filia
276 1958 361 1991 rapta
373 1950 391 1980 a
401 1951 527 1980 Theseo
545 1956 601 1985 est,
623 1957 654 1978 et
667 1949 685 1978 a
697 1950 761 1979 suis
774 1950 918 1980 fratribus

197 2001 321 2032 recepta
343 1993 489 2023 Menelao
510 1992 639 2031 nupsit;
663 1992 772 2022 verum
803 1994 917 2023 iterum

196 2044 283 2077 rapta
307 2035 326 2066 ὲ
350 2037 457 2067 Paride
475 2035 540 2065 filio
564 2035 694 2072 Priami,
709 2035 782 2065 belli
795 2036 920 2076 Trojani

194 2080 394 2110 occasionem
418 2079 521 2110 dedit:
545 2078 587 2107 ita
603 2080 761 2108 Antonius
778 2079 888 2117 pulsus
903 2080 920 2108 ὲ

195 2120 281 2152 curii
297 2129 327 2152 et
344 2123 499 2162 profectus
512 2121 550 2151 ad
567 2122 723 2150 caesarem
739 2123 833 2152 totius
845 2121 919 2152 belli

195 2165 294 2196 civilis
305 2172 415 2196 auctor
430 2165 502 2199 fuit,
516 2173 571 2194 seu
583 2161 685 2203 potitis
697 2163 812 2193 Caesari
825 2173 918 2195 suam

195 2208 337 2248 explendi
350 2204 529 2239 dominatfis
546 2207 752 2245 cupiditatem
761 2207 854 2237 dedit.

236 2253 288 2283 57.
310 2250 409 2280 Scelus
428 2251 459 2281 in
483 2247 607 2289 scelera]
633 2250 734 2278 Vocat
762 2250 918 2280 Tribuna-

195 2300 265 2324 tum
281 2294 414 2325 Antonii
428 2292 541 2329 soelus,
556 2293 631 2331 quia
645 2292 791 2323 venditus
806 2294 917 2330 fuerat,

189 2345 226 2369 ει
239 2345 345 2377 partus
361 2337 486 2367 scelere.

236 2381 289 2410 58.
315 2378 421 2410 Patmi
445 2378 529 2409 nulla
552 2377 674 2419 mentia]
697 2378 732 2408 C.
760 2379 917 2410 Antonius

194 2423 316 2464 collega
330 2423 491 2454 Ciceronis
514 2422 546 2451 in
569 2420 757 2456 Consulatu,
774 2429 919 2460 repetun-

194 2466 306 2497 darum
323 2467 561 2501 condemnatus,
585 2464 617 2493 in
633 2464 764 2494 exilium
781 2464 913 2494 abierat:

194 2510 282 2540 hunc
290 2515 398 2539 autem
410 2517 473 2539 non
482 2506 626 2542 restituit,
638 2507 689 2536 sed
700 2506 914 2538 Dtnticulam.

236 2552 287 2580 61.
313 2551 481 2582 Lbllvsmm
496 2551 606 2588 strum]
631 2551 714 2579 Cum
741 2549 913 2581 Denticulz'i

191 2595 354 2626 Antonius
367 2592 434 2624 alei
446 2593 632 2629 solituskfuit
643 2592 757 2622 ludere.

235 2637 277 2667 lb.
292 2637 384 2668 Quasi
394 2635 480 2678 tera]
495 2636 614 2667 Festive
627 2636 704 2666 ridet
719 2636 912 2672 Antonium,

192 2680 246 2719 qui
276 2680 442 2710 hominem
466 2689 604 2720 nequam
619 2685 650 2708 et
664 2678 851 2709 sceleratum
874 2680 914 2710 ab

190 2723 285 2752 exilio
301 2724 467 2759 revocavit,
485 2731 521 2752 ut
536 2732 611 2752 cum
628 2731 666 2752 eo
683 2721 809 2751 luderet.

232 2763 284 2795 62.
299 2765 434 2804 Beneficio
447 2765 518 2805 legis
532 2762 719 2805 dissolveret]
732 2764 915 2795 Misericors

190 2807 251 2839 fuit
266 2808 299 2838 in
311 2808 517 2840 Denticulam
531 2808 703 2844 Antonium
715 2816 789 2838 nam
799 2808 913 2838 idcirco

1595 1564 1694 1593 con·-

1038 1744 1060 1778 9
1073 1739 1264 1789 pristinum
1280 1746 1420 1776 statum.

960 1905 1062 1945 legem
1073 1906 1110 1937 de
1122 1906 1207 1936 illius
1217 1907 1410 1937 restitutione
1422 1904 1504 1942 tulit,
1513 1910 1550 1936 ut
1558 1905 1643 1945 qnod
1651 1905 1685 1937 in

961 1947 1026 1979 31εὲ
1050 1950 1240 1989 perdidisset,
1266 1951 1382 1980 iterum
1403 1950 1565 1980 restitutus
1583 1948 1686 1980 lucra-

962 1999 1054 2022 retur.
1206 2001 1210 2003 Δ

1007 2036 1056 2065 64.
1075 2034 1229 2066 Absentem
1243 2033 1351 2076 creda]
1371 2034 1687 2076 Fingitcalsasiron-

965 2078 1023 2112 ice,
1045 2087 1101 2108 cur
1111 2079 1273 2108 absentem
1288 2078 1494 2109 Denticulam
1506 2076 1685 2108 restituerit.

966 2123 994 2150 1.
1017 2119 1125 2160 Itaque
1149 2130 1244 2152 causa
1258 2122 1318 2151 fuit
1330 2121 1397 2160 ejus
1412 2120 1565 2157 absentia,
1581 2129 1685 2160 neque

961 2164 1048 2193 enim
1064 2164 1135 2203 quis
1150 2165 1261 2194 absens
1276 2164 1493 2194 damnabatur.
1541 2167 1569 2193 2.
1581 2161 1685 2193 eausa

960 2215 1024 2236 non
1039 2207 1153 2236 audita.
1177 2210 1205 2236 3.
1223 2207 1292 2237 Lex
1309 2206 1397 2236 nulla
1413 2208 1475 2237 lata
1490 2206 1546 2235 fnit
1559 2206 1685 2236 adeum

960 2250 1175 2279 accusandum
1189 2257 1220 2279 et
1231 2249 1465 2286 damnandum,
1481 2257 1586 2290 neque
1596 2248 1685 2279 enim

960 2293 1025 2322 sine
1036 2292 1101 2331 lege
1112 2293 1183 2332 quis
1193 2295 1368 2323 accusariet
1376 2292 1518 2322 damnari
1530 2297 1660 2331 poterat.

1003 2336 1038 2364 ’Π
1071 2334 1155 2375 Lege.
1169 2346 1231 2375 qum
1245 2339 1286 2365 es!
1297 2335 1331 2364 de
1342 2332 1436 2375 alea]
1462 2335 1500 2365 L.
1518 2333 1685 2365 Cornelius

961 2377 1047 2417 Sylla
1057 2377 1158 2416 legem
1173 2377 1258 2416 tulit,
1270 2387 1309 2408 ne
1320 2379 1391 2417 quis
1406 2378 1438 2407 in
1454 2378 1625 2418 pecuniam
1634 2375 1685 2407 lu-

962 2421 1056 2455 deret,
1066 2421 1314 2461 sponsionemve
1328 2423 1359 2450 in
1375 2422 1461 2456 ludo,
1476 2421 1533 2450 nisi
1546 2421 1600 2459 qui
1614 2429 1684 2450 cor-

961 2464 1043 2503 poris
1060 2465 1223 2494 exercendi
1239 2461 1333 2494 causi
1348 2470 1512 2503 susceptus
1525 2469 1617 2500 esset,
1639 2463 1685 2493 fa-

959 2514 1060 2537 ceret:
1077 2507 1174 2537 veluti
1200 2504 1297 2544 hasta,
1324 2506 1425 2546 pilove
1437 2506 1594 2545 jaciendo,
1611 2514 1684 2536 cur·
1704 2509 1706 2511 ’

958 2550 1066 2587 tendo,
1103 2550 1255 2588 saliendo,
1298 2549 1461 2586 luctando,
1500 2548 1683 2589 pugnando,

958 2593 1117 2623 Marcian.
1138 2594 1164 2622 1.
1183 2595 1212 2623 3.
1231 2593 1270 2622 D.
1285 2594 1322 2623 de
1336 2590 1410 2624 alei.
1660 2620 1663 2622 .

1000 2643 1051 2673 73.
1067 2635 1140 2666 (ἰὶηι
1152 2635 1249 2666 Caesar
1256 2636 1285 2666 in
1295 2633 1490 2676 Hispaniam]
1501 2635 1683 2675 Caesarpro·

957 2679 1095 2709 fecturus
1119 2680 1152 2709 in
1179 2679 1377 2719 Hispaniam,
1391 2686 1563 2718 antequam
1587 2678 1683 2708 Pom-

958 2722 1066 2760 peium
1077 2728 1259 2761 sequeretur
1269 2721 1354 2752 ultra
1366 2731 1461 2758 mare,
1469 2720 1591 2761 Lepido
1601 2719 1682 2750 1³1ae-

958 2765 1017 2795 tori
1033 2765 1160 2804 urbem,
1181 2766 1322 2796 Antonio
1347 2762 1680 2835 Tribuno-plebisllta·

1615 2813 1678 2839 lam
