1872 3140
394 103 483 145 ἸΝ
508 102 572 145 Μ.
599 102 933 146 ANTONJUM
964 88 1292 154 PHILIPPICA
1321 102 1376 144 Π.
1646 114 1729 153 425

117 218 402 263 ,Haereditates
421 219 524 259 mihi
548 217 705 275 negasti
725 219 877 260 venire.
936 218 1113 259 Utinam
1142 218 1222 259 hoc
1241 228 1359 259 tuum
1379 232 1523 267 verum
1543 218 1560 241 ⁴
1579 219 1658 263 cri·
1674 228 1728 266 40

129 292 227 318 men
255 273 382 317 esset!
413 277 549 330 plures
579 277 696 317 amici
726 276 807 318 mei
838 288 878 318 et
899 276 1110 317 necessarii
1131 275 1342 316 viverent:
1370 276 1441 316 sed
1461 275 1532 331 qui
1554 277 1656 320 istuc

130 334 204 375 tibi
223 333 334 374 venit
355 333 397 373 in
418 332 630 377 mentem?
672 333 761 389 Ego
791 334 903 375 enim
932 333 1102 388 amplius
1135 332 1244 373 H-S.
1276 333 1485 380 ducenties
1514 348 1656 390 accep-

126 402 216 441 tum
237 391 541 439 haereditatibus
559 391 693 432 retuli.
754 391 1003 446 Quanquam
1029 391 1072 431 in
1092 389 1171 430 hoc
1201 405 1351 445 genere
1371 388 1501 432 fateor
1525 391 1656 440 felici·-

123 461 243 489 orem
263 462 348 489 esse
365 458 428 489 te:
458 462 523 488 me
543 462 682 497 nemo,
710 448 789 489 nisi
811 448 976 496 amicus,
1005 446 1101 488 fecit
1131 447 1353 497 haeredem,
1383 458 1428 489 ut
1457 463 1552 490 cum
1582 449 1654 492 illo

120 506 360 554 commodo,
395 505 427 546 si
458 504 569 560 quod
599 516 701 555 erat,
734 505 859 546 animi
889 505 1055 559 quidam
1090 504 1208 544 dolor
1230 505 1498 561 jungeretur3
1529 517 1571 555 te
1605 508 1654 558 is,
1671 511 1725 550 45

127 576 253 618 quern
283 574 328 604 tu
361 562 496 607 vidisti
530 577 757 617 nunquam,
786 562 835 603 L.
868 562 1050 602 Rubrius
1084 561 1267 602 Cassinas
1293 562 1390 603 fecit
1419 563 1654 607 haeredem:

125 629 167 660 et
195 621 366 675 quidem
394 620 503 669 vide,
534 618 656 675 quam
685 630 727 660 te
748 617 890 660 amarit
910 620 957 668 is,
988 618 1074 673 qui,
1103 618 1215 658 albus
1235 629 1371 660 aterve
1391 618 1516 662 fueris
1536 622 1655 679 igno·

82 685 85 688 ’
122 691 231 727 rans,
251 675 386 719 fratris
404 677 537 719 filium
556 677 773 732 praeteriit:
816 677 872 731 Q.
898 676 1010 718 Furii
1040 675 1312 716 honestissimi
1332 677 1480 731 equitis
1498 679 1655 722 Roma..

121 735 181 782 -ni,
202 736 343 790 suique
363 733 606 783 amicissimi,
634 748 761 789 quem
781 733 916 789 palam
937 734 1145 774 haeredem
1165 746 1325 788 semper
1351 733 1570 787 factitarat,
1598 753 1653 780 ne

118 806 276 841 nomen
295 792 463 847 quidem
482 792 737 847 perscripsit3
768 802 824 840 te,
855 806 979 846 quem
1007 805 1221 845 nunquam
1240 791 1411 841 viderat,
1441 804 1509 834 aut
1542 794 1650 838 certe
1668 798 1724 837 510

121 863 335 905 nunquam
372 849 626 898 salutaverat,
665 848 762 890 fecit
795 850 1018 890 haeredem.
1095 848 1237 889 Velim
1274 847 1377 889 mihi
1413 850 1534 900 dicas,
1568 853 1650 896 nisi

118 908 338 949 molestum
360 915 434 956 est,
464 905 515 947 L.
545 906 755 948 Turselius
776 905 856 961 quii
875 905 977 947 facie
997 905 1135 954 fuerit,
1167 904 1248 960 qua
1267 905 1434 956 statura,
1453 923 1537 963 quo
1557 924 1650 952 mu-

116 963 402 1020 nicipio,⁴qu5
431 964 567 1013 tribu3
596 965 701 1005 nihil
731 964 828 1013 scio,
857 964 1032 1019 inquies,
1051 964 1128 1004 nisi
1159 978 1251 1018 quae
1272 965 1424 1018 praedia
1441 966 1650 1011 habuerit:

117 1021 244 1076 igitur
270 1021 437 1063 fratrem
473 1023 738 1063 exhaeredans
758 1032 800 1062 te
818 1020 991 1062 faciebat
1011 1022 1233 1062 haeredem.
1292 1022 1341 1062 In
1371 1024 1518 1064 multas
1543 1039 1650 1079 prae.

111 1078 232 1121 terea
265 1080 454 1135 pecunias
485 1079 822 1120 alienissimorum
841 1079 1074 1127 hominum,
1105 1078 1242 1131 ejectis
1269 1080 1373 1121 veris
1402 1080 1648 1135 haeredibus,
1666 1086 1721 1131 55

117 1145 314 1192 tanquam
343 1137 473 1178 haeres
494 1147 611 1185 esset,
638 1136 798 1177 invasit.
859 1137 1107 1192 Quanquam
1128 1137 1208 1177 hoc
1227 1134 1408 1178 maxime
1427 1139 1647 1185 admiratus

116 1209 223 1244 sum,
243 1194 497 1244 mentionem
518 1205 558 1236 te
579 1194 866 1236 haereditatum
886 1209 1027 1235 ausum
1057 1208 1142 1236 esse
1160 1193 1308 1244 facere,
1335 1192 1431 1236 cum
1457 1196 1542 1252 ipse
1561 1198 1650 1241 hae-

115 1253 332 1300 reditatem
354 1252 477 1307 patris
496 1266 582 1292 non
602 1250 760 1293 adisses.
818 1252 923 1292 Haec
954 1261 1000 1293 ut
1020 1252 1248 1307 colligereS,
1274 1254 1402 1295 horno
1421 1256 1648 1297 amentissi-
1707 1275 1709 1278 ·

115 1323 200 1360 me,
232 1319 295 1352 tot
328 1310 413 1351 dies
452 1309 495 1350 in
529 1308 661 1361 aliena
697 1307 794 1350 villa
826 1308 1091 1351 declamasti?
1134 1324 1367 1365 quanquam
1396 1320 1444 1353 tu
1478 1312 1647 1367 quidem

110 1367 181 1425 (ut
213 1367 275 1418 tui
307 1365 607 1421 familiarissimi
641 1365 846 1419 dictitant)
873 1366 959 1408 vini
990 1366 1224 1418 exhalandi,
1253 1382 1339 1409 non
1368 1369 1523 1426 ingenii
1554 1386 1648 1413 acu·
1663 1375 1720 1413 60

1410 1431 1414 1435 ‘
1549 1429 1646 1475 endi

555 1608 571 1628 ‘³
590 1607 834 1659 ptzaledictum,
853 1609 931 1648 sive
948 1609 1168 1648 criminatio.

156 1797 202 1832 40
215 1793 402 1826 Haereditates
412 1794 482 1825 mihi
494 1792 608 1834 negasti
621 1794 740 1834 venire]
755 1795 851 1826 Aliud

110 1838 326 1870 maledictum
342 1839 401 1869 sibi
417 1838 584 1876 objectum
601 1838 641 1868 ab
658 1839 798 1869 Antonio
813 1839 851 1873 de

110 1879 354 1913 haereditatibus
384 1881 517 1919 refellit3
555 1887 649 1920 turpe
672 1883 761 1913 enim
788 1882 851 1913 fuit

112 1926 197 1966 apud
215 1926 381 1956 Romanos
397 1925 522 1956 nullam
546 1925 662 1956 habere
685 1926 853 1956 haeredita-

108 1974 184 2000 tem
200 1978 232 2000 in
249 1970 437 2000 testimonio
451 1968 645 2000 amicorum.

159 2013 208 2043 lb.
226 2011 373 2052 Utinam]
389 2013 489 2052 Optat
501 2011 625 2049 Cicero,
639 2018 675 2042 ut
688 2012 779 2043 nulla
791 2012 852 2044 sibi

111 2054 279 2088 haereditas
294 2056 486 2094 obvenisset,
495 2055 521 2086 si
534 2054 603 2095 ejus
617 2056 759 2087 viverent
770 2056 851 2088 ami-

110 2109 153 2133 el.

153 2143 208 2181 4²·
223 2142 320 2186 H-s.]
335 2144 372 2175 Id
385 2150 443 2181 est,
453 2143 602 2175 sestertia.
622 2144 689 2185 (De
703 2144 851 2176 sestertiis

111 2186 238 2219 dictum
248 2195 295 2219 est
306 2189 396 2220 Orat.
407 2188 441 2219 in
452 2187 624 2219 Caecilium
637 2189 759 2229 Paragr.
772 2187 812 2217 V.
827 2187 849 2218 1.

111 2229 182 2271 20.)
203 2231 282 2262 H-s.
306 2238 416 2262 autern
439 2231 589 2268 ducenties,
618 2239 664 2263 est
687 2232 852 2263 ducenties

107 2273 244 2309 centena
263 2274 365 2306 millia
389 2273 578 2311 nummum,
600 2276 665 2307 sive
687 2276 852 2306 ducenties

108 2325 246 2356 centena
259 2318 407 2350 sestertia.

153 2361 202 2394 lb.
230 2362 382 2402 Acceptum
404 2361 644 2406 kaereditaaeibus]
673 2363 707 2395 Id
729 2369 788 2400 est,
812 2373 850 2395 ex

110 2403 346 2437 haereditatibus
356 2407 474 2447 accepi.
512 2408 702 2448 Expensum
718 2409 808 2444 ferre,
819 2414 851 2438 et

110 2456 278 2489 acceptum
295 2450 421 2489 referre,
437 2451 552 2481 usitata
564 2451 686 2482 locutio
697 2452 848 2492 est,apud

109 2492 248 2522 Latinos.
293 2494 443 2534 Expensa·
467 2495 610 2531 ferimus,
633 2504 704 2535 quae
731 2495 847 2526 damus

108 2535 193 2573 aliis3
216 2544 345 2576 accepta
367 2538 545 2574 referimus,
568 2549 638 2578 quae
654 2539 694 2569 ab
709 2538 780 2570 aliis
795 2548 848 2569 ac·

106 2579 258 2618 cipimus.
288 2580 374 2612 Hine
389 2582 512 2622 antiqui
526 2583 669 2613 codicem
681 2582 800 2622 accepti
813 2588 846 2612 et

105 2623 240 2662 expensi
251 2631 378 2660 vocant,
395 2625 429 2656 in
445 2635 510 2665 quo
522 2632 650 2666 accepta
665 2628 694 2656 δι’,
707 2635 846 2666 expensa

106 2666 358 2707 perseribuntur.
406 2691 410 2696 ,

150 2711 204 2741 43.
229 2709 400 2751 Quanquam
420 2711 450 2741 in
476 2711 525 2743 hoc
542 2714 672 2753 genera]
695 2712 846 2749 Ostendit

107 2753 234 2790 Cicero,
250 2754 429 2786 amicitiam
450 2765 544 2787 suam
566 2757 626 2787 sibi
646 2757 845 2787 haereditates

106 2794 330 2837 comparasse3
356 2799 541 2830 Antonium
566 2807 678 2831 autern
705 2800 739 2830 in
768 2799 846 2831 alio-

106 2850 183 2878 rum
197 2841 397 2873 haereditates
414 2842 579 2874 involasse.

147 2885 200 2916 46,
214 2883 343 2917 Rubrius
359 2885 692 2925 Cassinas.]cassinum
705 2885 847 2926 Campa·

895 1794 956 1825 niae
971 1794 1128 1835 oppidum
1144 1801 1205 1832 est,
1222 1794 1278 1825 ubi
1295 1794 1407 1830 Latina
1420 1798 1472 1830 via
1481 1807 1560 1832 cum
1571 1801 1640 1843 Apu

896 1836 948 1879 pia
962 1837 1123 1878 jungitur.

937 1882 992 1912 47.
1021 1881 1115 1913 Albus
1134 1879 1258 1923 aterve]
1282 1882 1493 1916 Proverbialis
1514 1885 1637 1920 locutio

897 1926 935 1956 de
952 1926 1100 1962 homine,
1119 1927 1174 1965 qui
1190 1925 1371 1967 negligitur.

940 1972 993 2001 48.
1008 1966 1120 2000 Fratris
1130 1968 1233 2009 filium
1253 1969 1422 2014 praeteriit]
1440 1971 1478 2004 Id
1492 1979 1541 2004 est
1558 1983 1638 2007 eum

896 2012 1058 2044 haeredem
1074 2022 1141 2044 non
1154 2013 1305 2052 instituit,
1327 2012 1403 2046 cum
1419 2015 1460 2047 ab
1472 2025 1515 2047 eo
1528 2019 1638 2050 nomi·

895 2057 965 2088 nari
983 2057 1154 2097 debuisset.

938 2101 990 2132 50.
1000 2100 1093 2131 Quem
1104 2110 1252 2143 nunquam
1261 2101 1398 2145 viderat]
1413 2102 1498 2135 Cum
1514 2113 1581 2136 non
1594 2105 1636 2137 sit

896 2144 1060 2185 probabile
1071 2145 1112 2176 ab
1122 2155 1161 2177 eo
1173 2146 1359 2177 Antonium
1374 2147 1471 2179 fuisse
1484 2148 1638 2180 nomina-

894 2194 969 2220 tum
987 2189 1162 2226 haeredem,
1185 2198 1286 2231 quem
1306 2199 1477 2232 nunquam
1499 2193 1635 2230 viderat.

895 2232 1092 2272 probabilius
1098 2234 1183 2264 certe
1189 2239 1236 2264 est
1244 2233 1387 2264 defuncti
1397 2235 1540 2266 hominis
1549 2236 1636 2267 bona

896 2274 1057 2308 invasisse.

937 2323 991 2352 53.
1010 2319 1079 2351 Nisi
1091 2330 1156 2361 quae
1164 2320 1274 2361 praedia
1283 2319 1434 2362 habueris]
1445 2320 1537 2353 Illius
1545 2321 1633 2354 Tur·

894 2363 962 2395 selii
973 2374 1006 2395 se
1016 2373 1151 2406 quoque
1160 2363 1239 2400 falso
1255 2365 1417 2397 haeredem
1427 2366 1555 2405 scripsit
1564 2367 1634 2398 An-

895 2408 1017 2445 tonius,
1034 2418 1132 2448 quem
1148 2418 1214 2438 non
1231 2416 1297 2439 tam
1315 2410 1417 2447 novit,
1439 2407 1542 2450 quam
1557 2418 1633 2454 quae

891 2452 1006 2491 praedia
1023 2451 1110 2482 illius
1125 2451 1185 2482 sibi
1202 2452 1386 2483 vindicavit.

936 2498 986 2527 57.
1002 2494 1207 2526 Hoereditatem
1218 2495 1309 2535 patris
1322 2505 1379 2526 non
1390 2493 1528 2537 adisses]
1553 2495 1630 2527 Non

889 2539 968 2570 adiit
986 2539 1152 2571 Antonius
1173 2539 1271 2579 patris
1294 2539 1528 2576 haereditatem,
1551 2541 1630 2581 quia

889 2582 1016 2614 nullam
1031 2583 1059 2613 ei
1077 2581 1219 2624 reliquit;
1242 2592 1319 2613 nam
1337 2583 1423 2613 bona
1437 2582 1630 2624 dilapidave-

889 2633 948 2657 rat.

931 2670 982 2701 59.
1014 2671 1051 2701 In
1067 2667 1161 2700 aliem'i
1188 2667 1283 2711 villa]
1309 2669 1406 2702 Ridet
1432 2670 1630 2709 Antonium,

887 2713 958 2755 qui,
977 2719 1013 2744 ut
1027 2715 1096 2746 haec
1113 2712 1284 2744 maledicta
1298 2713 1330 2742 in
1345 2712 1536 2744 Ciceronem
1552 2723 1630 2745 con-

887 2757 1013 2796 jiceret,
1028 2767 1062 2789 se
1076 2766 1129 2797 per
1144 2756 1363 2796 septendecim
1379 2756 1444 2787 dies
1460 2757 1495 2788 in
1508 2757 1630 2788 Tibur·

892 2801 960 2831 tino
975 2800 1132 2841 Scipionis
1149 2800 1277 2839 recepit,
1301 2807 1338 2830 ut
1352 2799 1392 2831 ad
1418 2799 1509 2832 illam
1524 2810 1558 2832 se
1572 2801 1629 2832 de·

890 2844 1121 2875 clamationem
1137 2849 1306 2875 exerceret.
1372 2867 1379 2877 ῃ

935 2887 987 2919 60.
1003 2887 1075 2919 Vini
1085 2885 1266 2929 exhalantia]
1284 2887 1321 2919 In
1334 2893 1562 2930 contemptum
1573 2886 1630 2919 ado

1541 2932 1631 2963 ducit
