1872 3135
192 162 221 202 6
668 165 731 208 M.
761 166 968 210 TULLII
1001 165 1268 211 GICERON
1274 169 1291 210 Ι
1296 169 1323 211 S

262 291 395 319 unum
414 277 478 318 his
499 286 558 319 tot
579 277 857 320 incommodis
878 281 1103 323 remedium
1132 298 1215 325 esse
1250 282 1477 335 arbitrarer,
1509 291 1555 325 ut
1587 283 1778 325 homines

265 334 417 385 idonei,
437 345 558 391 atque
579 335 725 390 integri
754 352 919 378 causam
955 339 1111 394 reipub.
1144 340 1366 398 legumque
1401 339 1680 397 susciperent:
1713 340 1776 382 fa-

194 398 250 434 40
265 400 349 433 teor
386 408 452 433 me
490 392 627 433 salutis
649 392 837 434 omnium
863 396 987 436 causa
1004 396 1052 437 ad
1084 412 1173 438 eam
1196 409 1350 452 partem
1369 397 1584 440 accessisse
1605 397 1778 454 reipubl.

263 449 537 501 sublevandae,
561 465 653 505 quae
671 451 852 492 maxime
877 452 1089 495 laboraret.

260 542 354 574 bunis
370 542 489 574 aerariis
506 540 567 572 una
581 540 772 582 judicarent,
788 553 885 584 quarn
907 554 999 574 reve·
1044 544 1175 576 tor-itate
1190 552 1223 575 et
1246 544 1405 587 gravitate
1427 553 1579 587 praestant
1597 545 1781 578 adolescen-

261 591 296 617 τὲ
319 588 393 618 tulit
432 586 554 626 aliquot
580 592 652 627 post
679 586 849 617 mensibus.
903 588 998 619 Unde
1045 588 1140 619 tibus.

262 631 357 662 Verr.
376 633 403 661 7.
429 632 534 670 Itaque
551 632 616 660 crim
628 630 726 670 primo
742 642 830 673 agere
852 633 999 673 coepimus,
1088 633 1133 663 Ib.
1158 631 1299 674 Integri]
1324 630 1447 674 Integri
1473 639 1546 663 sunt
1571 632 1627 674 qui
1647 633 1781 674 pecunia

262 673 309 704 Iex
326 685 381 704 non
393 680 457 705 erat
464 675 666 716 promulgata.
1043 687 1106 707 non
1124 684 1385 718 corrumpuntur,
1400 683 1432 707 et
1447 683 1579 717 possunt
1591 676 1629 708 iis
1640 688 1781 719 oppone·

304 719 356 750 39.
372 718 502 761 [donet]
540 719 649 751 Idonei
684 727 756 751 sunt
784 718 839 762 qui
863 727 894 751 et
923 731 998 751 auc·
1043 731 1077 752 re
1093 732 1158 752 sese
1175 731 1312 763 quorum
1328 719 1409 753 vitio
1423 719 1544 762 judicia
1557 719 1684 762 perdita
1699 727 1779 753 sum.

449 828 727 870 PARTITIO
759 828 894 871 SIVE
925 828 1333 872 CONSTITUTIO
1366 828 1598 871 CAUSAE.

319 933 401 975 ΙΙΙ.
434 934 580 984 Nunc,
600 931 799 989 quoniam
819 931 969 988 quibus
990 931 1110 973 rebus
1132 930 1330 973 adductus
1348 931 1397 973 ad
1415 945 1580 973 eausam
1598 945 1781 975 accesse-

264 989 342 1032 rim
363 990 655 1040 demonstravi,
688 989 911 1031 dicendum
933 989 1160 1031 necessario
1181 997 1240 1030 est
1261 989 1310 1029 de
1332 989 1595 1031 contentione
1623 992 1781 1042 nostra,

263 1057 309 1089 ut
329 1048 374 1090 in
398 1047 684 1089 constituendo
705 1056 955 1098 accusatore,
980 1046 1088 1103 quod
1110 1045 1224 1103 sequi
1247 1045 1428 1102 possitis,
1452 1046 1649 1089 habeatis.
1692 1048 1783 1104 Ego

264 1105 322 1147 sic
343 1105 542 1162 intellig0‚
562 1105 745 1157 JudiceS,
770 1107 867 1147 curn
891 1104 939 1145 de
960 1102 1144 1159 pecuniis
1167 1102 1400 1159 repetundis
1420 1118 1579 1146 nomen
1599 1105 1783 1162 cujuspi-

220 1154 244 1187 5
262 1178 328 1205 am
350 1163 563 1214 deferatur,
597 1162 628 1204 si
653 1174 859 1205 certamen
879 1161 984 1202 inter
1004 1160 1162 1218 aliquos
1185 1161 1251 1214 sit,
1275 1161 1342 1203 cui
1362 1159 1626 1216 potissimum
1644 1161 1782 1203 adela-

263 1220 319 1262 tio
352 1220 483 1272 detur,
520 1222 610 1262 haec
648 1221 728 1262 duo
755 1221 795 1261 in
817 1218 963 1275 primis
1000 1218 1171 1275 spectari
1205 1228 1390 1274 oportere
1408 1234 1418 1259 ι
1451 1233 1574 1275 quem
1596 1219 1782 1261 maxime

260 1277 387 1320 velint
416 1287 599 1319 actorem
637 1293 723 1319 esse
761 1277 804 1329 ii,
846 1276 997 1333 quibus
1035 1276 1154 1317 factae
1177 1290 1262 1317 esse
1297 1275 1487 1317 dicantur
1521 1275 1714 1333 injuriae3
1745 1286 1782 1318 et

262 1350 388 1393 quem
408 1334 583 1376 minime
606 1335 700 1377 velit
721 1333 770 1387 is,
791 1334 861 1391 qui
883 1349 948 1376 eas
969 1333 1136 1391 injurias
1159 1332 1304 1375 fecisse
1324 1342 1530 1391 arguatur.

910 1432 926 1450 ²
938 1427 1131 1464 accusatio.

305 1514 334 1543 ΕΖ.
354 1513 402 1544 De
417 1512 603 1543 contentione
615 1510 738 1555 nostrffi]
754 1512 929 1545 Contendit
942 1512 1000 1544 Ci-
1087 1509 1138 1542 lb.
1165 1511 1284 1541 Nomen
1296 1509 1458 1551 cujuspiam
1469 1509 1644 1552 deseratur]
1666 1509 1784 1543 Defer-

261 1567 335 1590 cero
351 1568 424 1588 cum
443 1556 574 1588 Caecilio
592 1564 662 1588 uter
679 1556 755 1600 eligi
770 1556 884 1588 debeat
908 1567 1000 1588 accu-
1042 1566 1077 1587 re
1094 1565 1212 1587 nomen
1237 1565 1302 1586 non
1329 1562 1376 1586 est
1401 1561 1470 1586 tam
1497 1562 1656 1592 accusare,
1686 1558 1785 1597 quam

260 1609 357 1633 sator.
1043 1599 1128 1641 apud
1148 1597 1390 1640 Magistratum‚
1404 1598 1458 1631 vel
1476 1598 1619 1640 judicem
1644 1597 1786 1642 aliquem

304 1656 335 1683 4.
358 1645 406 1676 De
421 1645 554 1685 pecuniis
566 1644 761 1684 repetundis]
787 1645 839 1676 De
848 1651 1000 1687 repetun-
1043 1644 1177 1686 alicujus
1192 1642 1337 1674 criminis
1359 1653 1451 1677 neum
1468 1642 1671 1674 denunciare.
1707 1644 1785 1674 Fac-

259 1688 320 1726 dis,
336 1699 390 1720 seu
410 1688 660 1731 repetundarum
673 1688 832 1730 judicium
848 1688 921 1720 inde
934 1689 1001 1720 dic·
1045 1692 1078 1720 ta
1091 1696 1200 1720 autem
1214 1685 1274 1717 hac
1289 1685 1430 1720 nominis
1444 1685 1617 1725 delatione,
1632 1680 1786 1729 sequeba-

258 1741 330 1766 tum
346 1741 404 1771 est,
422 1733 511 1775 quod
535 1743 572 1764 eo
600 1732 721 1774 judicio
747 1732 824 1765 socii
851 1734 1002 1774 pecunias
1045 1740 1099 1765 tur
1111 1729 1281 1764 accusatio.

259 1777 321 1810 sibi
337 1787 449 1810 contra
464 1777 551 1819 leges
561 1785 686 1819 ereptas
702 1775 900 1819 repetebant.

549 1896 1078 1950 CONFIRMATIONIS
1113 1896 1306 1940 PRIMA
1338 1883 1500 1939 PARS.

262 1986 392 2032 Quod
414 1986 543 2029 Siculi
565 1995 848 2034 accusatorem
869 1985 1134 2038 Ciceronem,
1157 1984 1335 2027 minime
1355 1984 1576 2028 Caecilium
1597 1985 1738 2031 velint.

319 2080 399 2122 IV.
433 2080 485 2120 In
506 2078 586 2120 hac
604 2078 745 2130 causa,
765 2079 791 2120 J
795 2077 950 2129 udices,
974 2076 1136 2119 tametsi
1157 2086 1382 2132 utrumque
1400 2089 1488 2117 esse
1503 2075 1676 2120 arbitror
1691 2093 1783 2135 per-

261 2137 480 2193 spicuum3
515 2146 654 2177 tamen
675 2136 724 2176 de
743 2149 918 2193 utroque
934 2134 1087 2186 dicam,
1112 2147 1150 2175 et
1170 2134 1219 2175 de
1239 2148 1286 2174 eo
1306 2131 1439 2189 prius,
1462 2133 1572 2189 quod
1591 2135 1697 2190 apud
1712 2151 1784 2178 vos

261 2193 492 2251 plurimum
513 2193 632 2236 debet
662 2192 808 2246 valere,
837 2194 918 2234 hoc
935 2201 1010 2245 est,
1031 2192 1081 2233 de
1101 2190 1311 2233 voluntate
1327 2204 1487 2243 eorum,
1506 2191 1657 2248 quibus
1679 2193 1788 2251 inju-

260 2251 332 2294 riae
350 2251 468 2293 faetae
485 2260 581 2293 sunt
597 2268 607 2293 z
642 2266 820 2308 quorum
838 2250 963 2293 causa
976 2249 1184 2308 judicium
1201 2248 1249 2290 de
1265 2245 1452 2304 pecuniis
1474 2250 1708 2304 repetundis
1725 2259 1786 2293 est

219 2307 244 2343 5
263 2309 551 2352 constitutum.
586 2308 770 2351 Siciliam
793 2307 1051 2364 provinciam
1074 2307 1125 2349 C.
1147 2307 1298 2349 Verres
1318 2319 1389 2360 per
1407 2304 1636 2348 triennium
1655 2306 1784 2364 depo-

260 2366 424 2424 pulatus
455 2381 556 2418 esse,
580 2366 815 2408 Siculorum
836 2365 1018 2407 civitates
1039 2365 1233 2414 vast-asse,
1254 2363 1402 2403 domos
1422 2361 1670 2417 exinanisse,
1691 2363 1787 2408 fana

260 2423 455 2480 spoliasse
486 2423 650 2466 dicitur.
711 2424 896 2476 Adsunt,
926 2433 1151 2479 queruntur
1174 2420 1305 2463 Siculi
1325 2417 1531 2462 universi:
1564 2421 1613 2465 ad
1645 2435 1785 2465 meam

257 2482 400 2534 fidem,
422 2496 549 2539 quam
570 2481 724 2523 habent
747 2490 972 2536 spectatam
986 2480 1076 2537 jam
1101 2489 1141 2521 et
1159 2478 1230 2520 diu
1251 2475 1490 2533 cognitam,
1504 2477 1753 2536 confugiunt
1770 2495 1783 2521 ε

259 2538 462 2581 auxilium
483 2538 562 2580 sibi
583 2553 653 2595 per
668 2553 735 2580 me
751 2541 778 2580 a
792 2538 923 2590 vobis,
943 2549 1064 2594 atque
1082 2539 1107 2579 a
1126 2526 1287 2593 popula}
1300 2529 1494 2593 Romanu
1523 2535 1684 2593 legibus
1713 2551 1786 2593 pe·

192 2593 244 2631 ι0
261 2604 353 2638 tunt
369 2613 379 2637 ι
403 2612 469 2638 me
487 2596 740 2638 defensorem
756 2595 1036 2637 calamitatum
1052 2609 1238 2645 suarum,
1250 2607 1319 2634 me
1334 2591 1509 2634 ultorem
1525 2592 1784 2649 injuriarum,

256 2668 327 2696 me
349 2654 606 2711 cognitorem
619 2654 725 2711 juris
742 2652 821 2704 sui,
846 2668 911 2694 me
933 2661 1114 2694 actorem
1135 2665 1270 2694 causae
1291 2648 1417 2690 totius
1438 2663 1525 2691 esse
1552 2650 1784 2694 voluerunt.

300 2756 331 2788 6.
346 2755 433 2787 fana
446 2754 611 2798 spolidsse]
662 2754 732 2787 Alii
748 2754 858 2785 sanum
874 2753 997 2785 dictum
1041 2753 1110 2796 qui,
1128 2752 1236 2785 Probo
1253 2755 1412 2790 Auctore,
1423 2752 1686 2794 primusillorum
1698 2750 1787 2785 loco-

256 2808 374 2843 putant
391 2803 407 2830 εὶ
425 2800 548 2838 Ρειιιῐιὶς,
564 2800 616 2831 alii
634 2802 651 2829 ἐι
667 2798 777 2835 fandn,
792 2799 867 2840 quia
887 2797 997 2829 divina
1041 2808 1115 2830 rum
1131 2797 1278 2829 conditor
1295 2796 1369 2828 suit.

258 2844 386 2876 'oracula
406 2844 452 2875 ibi
477 2845 571 2876 edere
595 2843 760 2882 solebant3
782 2843 836 2875 alii
854 2847 871 2872 ὲ
889 2844 997 2875 Fauno
1085 2845 1115 2873 8.
1132 2839 1428 2884 Spectatamfidem]
1453 2840 1548 2874 Fides
1566 2851 1638 2884 qum
1653 2838 1782 2883 publice

1041 2885 1173 2929 cognita
1188 2892 1245 2922 cst,
1261 2891 1402 2926 spectata
1412 2884 1542 2919 dicitur.

1607 2928 1781 2973 Utrum,
