1872 3135
561 107 785 157 ORATIO
817 107 927 152 PRO
956 109 1009 151 L.
1039 106 1346 153 MURAENA.

134 239 215 283 quo
236 224 375 268 animo
422 237 487 266 am
510 221 576 275 sit,
598 232 638 266 et
657 222 787 281 qualis
816 223 876 265 vir
905 222 1064 265 futurus
1084 222 1150 274 sit,
1171 222 1373 274 videmus,
1396 221 1440 265 in
1459 220 1648 280 equitum

130 280 324 324 centuriis
343 240 474 323 voiuit
492 296 592 333 esse,
614 291 654 323 ct
672 282 721 323 ad
742 282 820 322 hoc
851 279 1034 322 officium
1066 280 1393 332 necessitudinis,
1414 289 1453 322 et
1473 282 1521 322 ad
1554 280 1649 322 reli-

132 353 259 395 quum
281 348 443 394 tempus
475 338 690 395 gratiosus,
728 338 765 380 id
797 336 872 379 erit

903 338 989 393 ejus
1018 337 1161 379 vitrico
1182 336 1328 390 fraudi,
1365 348 1432 379 aut
1452 336 1614 379 crimini
1634 353 1644 379 τ

129 409 206 436 nec
227 394 258 436 si
279 394 412 451 Virgo
432 395 609 437 Vestalis
638 396 763 452 hujus
799 395 1029 451 propinqua
1046 404 1085 435 et
1105 395 1342 445 necessaria,
1364 395 1501 437 locum
1524 406 1644 439 suum
1667 403 1711 437 15

127 451 414 509 gladiatorium
437 452 639 495 concessit
658 451 772 504 huic,
794 467 880 493 non
901 462 941 492 et
962 451 1030 493 illa
1044 452 1111 507 pic
1134 451 1244 502 fecit,
1261 463 1302 494 et
1317 452 1386 494 hic
1407 453 1431 493 ἐι
1451 451 1572 508 culpa
1587 461 1648 494 est

127 518 309 551 remotus
329 511 343 551 ?
377 508 520 550 omnia
534 510 624 551 haec
639 520 734 552 sunt
748 509 883 551 officia
898 509 1237 560 necessariorum,
1254 509 1475 552 commoda
1490 507 1650 551 tenuio-

129 580 239 613 rum,
262 565 406 609 munia
426 566 754 608 candidatorum.

182 624 307 666 XVI.
344 624 406 665 At
439 623 549 664 enim
591 624 674 679 agit
703 637 871 664 mecum

909 624 1066 664 austere
1105 630 1145 662 et
1175 622 1328 674 Stoice,
1361 623 1495 666 Cato:
1528 632 1651 687 negat

125 687 297 722 'verum
321 695 422 732 esse,
459 680 566 722 allici
603 678 928 721 benevolentiam
959 677 1085 735 cibo:
1118 689 1239 735 negat
1262 679 1469 735 judicium
1506 681 1647 722 homi-

125 752 230 780 num
267 738 308 780 in
346 736 650 794 magistratibus
689 735 934 777 mandandis
969 735 1178 791 corrumpi
1214 736 1490 799 voluptatibus
1521 753 1646 794 opor-

125 804 218 837 tere.

296 796 422 850 Ergo,
462 794 510 835 ad
549 808 714 834 coenam
756 792 964 848 petitionis
1003 795 1126 833 causa
1164 792 1196 833 si
1239 808 1330 857 quis
1369 806 1501 852 vocat,
1542 811 1644 837 con-

124 852 367 902 demnetur3
398 849 565 906 quippe,
601 850 751 906 inquit,
788 859 832 891 tu
863 848 967 891 mihi
1001 863 1214 890 summum
1253 850 1489 906 imperium,
1527 867 1643 894 surn-

122 923 237 951 mam
268 907 572 957 auctoritatem,
606 917 652 949 tu
687 907 964 964 gubernacula
998 906 1157 962 reipub.
1208 908 1309 962 petis
1343 907 1527 950 fovendis
1567 911 1645 951 ho·

120 964 287 1008 minum
323 964 509 1006 sensibus
541 973 581 1006 et
615 964 857 1006 deliniendis
892 963 1057 1015 animis,
1080 975 1119 1005 et
1151 963 1393 1007 adhibendis
1424 965 1645 1021 voluptati-

120 1022 232 1064 bus?
267 1025 407 1066 utrum
439 1020 712 1074 lenocinium,
748 1021 900 1079 inquit,
936 1023 961 1063 a
991 1023 1146 1078 bgrege
1180 1021 1363 1064 delicatae
1397 1022 1645 1079 juventutis,

121 1093 175 1121 an
196 1078 305 1122 orbis
335 1088 533 1122 terrarum
567 1077 791 1136 imperium
824 1081 849 1121 ἐι
877 1079 1028 1135 populo
1050 1081 1240 1121 Romano
1262 1080 1458 1135 petebas?
1493 1080 1643 1123 Horri-

120 1135 216 1179 bilis
249 1135 408 1178 oratio=
441 1136 510 1179 sed
544 1150 635 1178 eam
667 1144 681 1161 ‘²
717 1152 832 1186 usus,
862 1135 960 1187 vita,
992 1151 1144 1187 moreS,
1180 1135 1320 1179 civitas
1354 1137 1440 1193 ipsa
1478 1137 1643 1193 respuit.
1667 1148 1716 1183 10

120 1195 273 1252 Neque
292 1203 430 1236 tamen
460 1193 769 1236 Lacedaemonii
802 1203 987 1236 auctores
1008 1192 1124 1236 istius
1151 1193 1261 1245 vitae,
1292 1203 1413 1250 atque
1432 1195 1644 1247 orationis,

122 1251 193 1309 qui
213 1249 464 1309 quotidianis
499 1250 630 1306 epulis
663 1251 707 1293 in
730 1250 873 1293 robore
892 1250 1145 1292 accumbunt
1164 1267 1174 1292 ε
1208 1266 1341 1314 neque
1361 1254 1455 1294 vero
1487 1253 1646 1304 Cretes,

120 1323 298 1366 quorum
332 1322 458 1350 nemo
489 1308 666 1366 gustavit
701 1323 887 1366 unquam
925 1308 1097 1359 cubans,
1118 1307 1268 1350 melius
1301 1311 1427 1365 quam
1465 1311 1645 1353 Romani

121 1366 328 1418 homines,
367 1365 439 1422 qui
474 1376 658 1421 tempora
709 1365 928 1422 voluptatis
976 1365 1206 1422 laborisque
1255 1366 1513 1421 dispertiunt3
1560 1382 1644 1409 res-

121 1422 306 1478 publicas
341 1437 434 1464 suas
467 1421 743 1465 retinuerunt:
795 1438 973 1479 quorum
1021 1422 1131 1464 alteri
1172 1438 1257 1465 uno
1294 1425 1470 1466 adventu
1517 1425 1713 1469 nostrils

121 1479 323 1525 exercitus
355 1479 476 1522 deleti
510 1490 622 1529 sunt,
657 1480 770 1522 alteri
803 1480 932 1522 nostri
968 1479 1128 1537 imperii
1161 1481 1351 1537 praesidio
1385 1481 1647 1538 disciplinam

224 1643 393 1692 ’justum

165 1798 213 1828 12.
226 1798 264 1828 In
274 1798 404 1839 equitum
416 1796 585 1840 centuriis]
594 1797 757 1830 Centuriae
769 1797 861 1840 equi-

120 1847 191 1874 tum
207 1840 226 1871 a
238 1842 376 1873 Romulo
387 1842 540 1874 institutae
551 1850 623 1873 sunt
636 1854 645 1880 ς
668 1853 738 1883 quae
752 1845 861 1885 appel-

120 1885 196 1916 latio
209 1893 300 1916 aucto
313 1890 422 1928 postea
432 1897 564 1918 numero
575 1885 863 1929 aTarquinioPris-

120 1940 157 1975 co
174 1937 357 1960 conservata
371 1938 439 1968 est3
460 1930 566 1962 voluit
590 1939 697 1962 autem
712 1940 748 1962 ut
768 1931 855 1962 mille

112 1973 255 2004 >trecenti
271 1974 392 2016 equites
408 1973 440 2006 in
456 1974 560 2005 tribus
575 1974 725 2006 centuriis
740 1982 853 2006 essent.

168 2019 218 2048 15.
245 2017 336 2058 Virgo
353 2017 500 2060 Vestalis]
528 2018 673 2050 Vestales
695 2018 856 2050 habebant

119 2060 225 2093 locum
241 2061 442 2101 distinctum,
451 2062 535 2094 unde
547 2061 639 2094 ludos
649 2062 857 2105 gladiatorios

118 2114 260 2147 spectare
270 2114 408 2148 possent.

163 2153 193 2181 3.
208 2150 250 2181 M
252 2151 445 2191 agistratibus
470 2149 671 2193 mandandis-‚J
695 2149 857 2182 Mandare

118 2193 256 2225 honores
280 2194 398 2226 dicitur
426 2194 567 2237 populus
592 2195 686 2226 Rom.
701 2192 773 2226 cum
800 2205 857 2227 suo

118 2237 271 2279 suffragio
285 2237 380 2270 alicui
396 2239 632 2280 Magistratum
648 2238 807 2270 concedit.

160 2283 193 2312 4.
207 2282 371 2313 Petilianis
384 2281 498 2322 causa]
511 2282 654 2326 Reponit
665 2282 779 2315 Cicero
793 2283 857 2314 Ca·

119 2325 188 2356 toni
202 2336 267 2357 non
281 2325 329 2358 fas
350 2337 416 2358 esse
442 2326 580 2368 aliquem
603 2326 644 2358 ad
669 2326 857 2358 convivium

118 2379 245 2407 vocare,
258 2378 296 2401 ut
310 2370 387 2412 quid
401 2369 440 2401 ab
457 2382 495 2402 eo
518 2378 659 2413 petatur,
673 2371 699 2402 si
708 2369 795 2402 nefas
811 2381 858 2404 est

120 2412 180 2444 sibi
214 2413 472 2450 benevolentiam
503 2414 725 2457 voluptatibus
748 2415 856 2446 conci-

117 2456 217 2494 liare3
237 2457 298 2489 hoc
316 2467 424 2490 autem
439 2470 497 2502 per
523 2458 757 2501 Dialogismum
771 2467 857 2490 trac·

120 2508 167 2531 tat
183 2501 224 2532 ad
236 2501 393 2534 Catonem
407 2502 618 2535 irridendum.

162 2544 193 2574 9.
220 2545 382 2577 Hert-ibitis
407 2549 530 2587 cratim]
560 2546 665 2578 lronia
680 2548 742 2587 qua
758 2545 856 2578 fidem

119 2594 186 2619 tam
208 2598 325 2630 aspera:
353 2591 485 2622 Catonis
505 2591 644 2622 orationi
659 2590 798 2622 detrahit
815 2591 856 2621 si-

118 2632 294 2664 mulatione
310 2635 445 2674 quadam
467 2634 699 2673 assentationis,
715 2645 748 2666 ac
762 2634 855 2677 quasi

117 2675 264 2719 concepti
281 2681 385 2709 metus
398 2686 430 2709 et
445 2677 596 2710 horroris.

166 2720 212 2750 lo.
228 2721 288 2751 Sed
301 2730 366 2751 eam
380 2722 477 2761 usum]
496 2723 586 2754 Hanc
599 2723 700 2754 vitam
711 2731 857 2765 asperam

114 2764 251 2796 alienam
266 2768 282 2795 a
292 2765 433 2796 moribus
443 2766 594 2797 Romanis
605 2777 669 2797 esse
682 2766 861 2805 contendit,

119 2808 286 2851 utiturque
302 2809 503 2842 dissimilium
527 2810 748 2852 exemplorum
763 2809 858 2842 colla-

467 1655 470 1657 *
503 1640 518 1666 b
535 1642 760 1681 multitudine
765 1642 966 1691 juventutis
976 1642 1175 1685 quurz'osae.

1294 1646 1309 1663 ς
1321 1642 1540 1678 consuetudo.

905 1799 1004 1837 tione,
1015 1799 1335 1831 Lacedaer'noniorum
1352 1799 1501 1833 videlicet
1518 1809 1549 1833 et
1566 1802 1644 1833 Cre-

906 1844 1055 1881 tensium,
1073 1844 1128 1886 qui
1150 1854 1215 1875 non
1243 1843 1353 1875 melius
1379 1849 1474 1887 quam
1503 1844 1644 1878 Romani

907 1887 1049 1930 Respub.
1066 1899 1135 1919 suas
1147 1893 1381 1920 conservarunt.

945 1933 992 1963 12.
1024 1932 1215 1964 Quotidianis
1250 1932 1370 1975 epulis-,J
1399 1933 1641 1966 Lacedaemonii

898 1983 1014 2017 praeter
1030 1976 1230 2018 quotidianas
1240 1978 1347 2018 epulas
1357 1977 1505 2009 convivia
1516 1977 1642 2020 publica

899 2019 1112 2057 celebrabant,
1127 2030 1195 2062 quae
1208 2020 1350 2052 Phitidia
1361 2021 1555 2060 dicebantur,
1572 2031 1641 2064 quae

899 2073 964 2094 non
981 2063 1098 2096 fiebant
1116 2064 1269 2106 impensis
1284 2064 1433 2107 publicis,
1447 2067 1501 2098 sed
1517 2068 1557 2097 ad
1571 2077 1641 2106 quae

903 2118 992 2139 suam
1004 2108 1135 2148 quisque
1153 2116 1276 2149 partem
1293 2109 1484 2142 conferebat.
1528 2111 1580 2142 De
1590 2110 1640 2144 his

902 2152 1044 2193 loquitur
1061 2153 1128 2184 Cic.
1143 2153 1238 2184 Tusc.
1257 2153 1379 2196 Qaest.
1394 2155 1426 2184 5.

947 2195 992 2227 1b.
1011 2197 1029 2227 I
1031 2208 1050 2226 η.
1066 2196 1168 2227 robore
1182 2197 1383 2237 accumbunt]
1396 2195 1640 2230 Lacedaemonii

898 2249 965 2271 non
980 2240 1013 2272 in
1040 2240 1174 2278 lectulis,
1188 2248 1225 2273 ut
1251 2251 1318 2272 mos
1343 2250 1414 2273 erat
1439 2241 1640 2284 reliquorum

900 2286 1099 2323 Graecorum,
1116 2284 1171 2316 sed
1192 2284 1225 2315 in
1240 2285 1318 2316 dura
1340 2285 1491 2329 quapiam
1511 2285 1641 2317 materia

899 2337 935 2359 ac
960 2329 1047 2371 ligno
1075 2327 1324 2367 accumbebant3
1348 2341 1406 2372 per
1431 2329 1525 2362 robur
1553 2329 1641 2361 enim

901 2372 1025 2414 lignum
1041 2371 1204 2415 intelligit.

949 2418 997 2447 13.
1015 2417 1156 2448 Gustavit
1178 2427 1309 2458 unquam
1325 2415 1458 2460 cubans]
1475 2418 1585 2449 Cretes
1599 2427 1640 2449 ne

902 2460 1032 2502 quidem
1046 2460 1078 2492 in
1091 2459 1192 2504 epulis
1208 2461 1415 2493 accubabant.

949 2505 997 2536 15.
1023 2504 1132 2535 Nostri
1156 2505 1325 2544 exercitus]
1359 2506 1522 2538 Cretenses
1552 2509 1570 2537 a
1598 2506 1652 2549 Q

902 2547 1043 2580 Metello
1059 2548 1139 2582 victi
1155 2556 1239 2585 sunt,
1253 2549 1308 2590 qui
1325 2549 1360 2580 iis
1377 2549 1462 2591 leges
1475 2549 1642 2592 imposuit,

901 2599 933 2624 et
947 2592 986 2624 ab
1002 2592 1059 2624 hstc
1075 2592 1207 2624 victoria
1223 2593 1370 2624 Creticus
1387 2593 1487 2625 dictus
1502 2603 1560 2625 est.

947 2637 996 2668 16.
1015 2637 1214 2678 Disciplinam
1227 2637 1336 2677 suam]
1357 2638 1522 2670 Cretenses
1541 2641 1556 2668 :l
1571 2635 1638 2680 Ly-

902 2690 1002 2722 curgo
1048 2679 1248 2722 disciplinam
1296 2691 1384 2711 suam
1426 2690 1616 2725 acceperunt
1630 2693 1640 2724 ς

901 2733 1082 2766 quanquam
1114 2723 1300 2754 Plutarchus
1335 2723 1380 2756 ait
1407 2726 1592 2770 Lycurgum
1621 2727 1639 2757 ἐ

903 2769 997 2800 Creta
1021 2778 1088 2799 suas
1105 2766 1189 2810 leges
1204 2767 1361 2801 detulisse.

1524 2871 1638 2900 Silam

1644 119 1719 156 183
