<?xml version="1.0" encoding="UTF-8"?>
<!DOCTYPE html PUBLIC "-//W3C//DTD XHTML 1.0 Transitional//EN"
    "http://www.w3.org/TR/xhtml1/DTD/xhtml1-transitional.dtd">
<html xmlns="http://www.w3.org/1999/xhtml" xml:lang="en" lang="en">
 <head>
  <title>
</title>
<meta http-equiv="Content-Type" content="text/html;charset=utf-8" />
  <meta name='ocr-system' content='tesseract 3.04.00' />
  <meta name='ocr-capabilities' content='ocr_page ocr_carea ocr_par ocr_line ocrx_word'/>
</head>
<body>
  <div class='ocr_page' id='page_1' title='image "./orationesquaedam00ciceuoft_0380.png"; bbox 0 0 1872 3140; ppageno 0'>
   <div class='ocr_carea' id='block_1_1' title="bbox 72 144 213 184">
    <p class='ocr_par' dir='ltr' id='par_1_1' title="bbox 72 144 213 184">
     <span class='ocr_line' id='line_1_1' title="bbox 72 144 213 184; baseline -0.007 0"><span class='ocrx_word' id='word_1_1' title='bbox 72 179 79 184; x_wconf 51' lang='lat'>.</span> <span class='ocrx_word' id='word_1_2' title='bbox 130 144 213 184; x_wconf 71' lang='lat'>338</span> 
     </span>
    </p>
   </div>
   <div class='ocr_carea' id='block_1_2' title="bbox 634 137 1268 206">
    <p class='ocr_par' dir='ltr' id='par_1_2' title="bbox 634 137 1268 206">
     <span class='ocr_line' id='line_1_2' title="bbox 634 137 1268 206; baseline 0.002 -21"><span class='ocrx_word' id='word_1_3' title='bbox 634 137 932 206; x_wconf 15' lang='lat' dir='ltr'>M.5Tu1.1.11</span> <span class='ocrx_word' id='word_1_4' title='bbox 960 137 1268 186; x_wconf 70' lang='lat' dir='ltr'>CICERONIS</span> 
     </span>
    </p>
   </div>
   <div class='ocr_carea' id='block_1_3' title="bbox 202 251 1727 312">
    <p class='ocr_par' dir='ltr' id='par_1_3' title="bbox 202 251 1727 312">
     <span class='ocr_line' id='line_1_3' title="bbox 202 251 1727 312; baseline 0 -14"><span class='ocrx_word' id='word_1_5' title='bbox 202 257 343 299; x_wconf 80' lang='lat' dir='ltr'>orbern</span> <span class='ocrx_word' id='word_1_6' title='bbox 377 265 589 305; x_wconf 81' lang='lat' dir='ltr'>terrarum,</span> <span class='ocrx_word' id='word_1_7' title='bbox 633 257 870 310; x_wconf 80' lang='lat' dir='ltr'>quibuscum</span> <span class='ocrx_word' id='word_1_8' title='bbox 898 259 1041 308; x_wconf 79' lang='lat' dir='ltr'>voluit,</span> <span class='ocrx_word' id='word_1_9' title='bbox 1069 259 1236 312; x_wconf 85' lang='lat' dir='ltr'>partitus</span> <span class='ocrx_word' id='word_1_10' title='bbox 1265 268 1350 300; x_wconf 80' lang='lat' dir='ltr'>est:</span> <span class='ocrx_word' id='word_1_11' title='bbox 1379 251 1491 311; x_wconf 73' lang='lat' dir='ltr'>eum,v</span> <span class='ocrx_word' id='word_1_12' title='bbox 1520 255 1591 312; x_wconf 83' lang='lat' dir='ltr'>qui</span> <span class='ocrx_word' id='word_1_13' title='bbox 1618 259 1727 310; x_wconf 53' lang='lat' dir='ltr'>plna·</span> 
     </span>
    </p>
   </div>
   <div class='ocr_carea' id='block_1_4' title="bbox 133 312 1710 370">
    <p class='ocr_par' dir='ltr' id='par_1_4' title="bbox 133 312 1710 370">
     <span class='ocr_line' id='line_1_4' title="bbox 133 312 1710 370; baseline 0.001 -17"><span class='ocrx_word' id='word_1_14' title='bbox 133 319 187 353; x_wconf 74' lang='lat'>20</span> <span class='ocrx_word' id='word_1_15' title='bbox 202 316 313 355; x_wconf 88' lang='lat' dir='ltr'>rimis</span> <span class='ocrx_word' id='word_1_16' title='bbox 341 316 516 355; x_wconf 83' lang='lat' dir='ltr'>caedibus</span> <span class='ocrx_word' id='word_1_17' title='bbox 546 314 587 352; x_wconf 87' lang='lat' dir='ltr'>in</span> <span class='ocrx_word' id='word_1_18' title='bbox 616 312 707 354; x_wconf 87' lang='lat' dir='ltr'>foro</span> <span class='ocrx_word' id='word_1_19' title='bbox 751 313 880 368; x_wconf 79' lang='lat' dir='ltr'>factis,</span> <span class='ocrx_word' id='word_1_20' title='bbox 927 315 1115 369; x_wconf 79' lang='lat' dir='ltr'>singulari</span> <span class='ocrx_word' id='word_1_21' title='bbox 1156 317 1304 356; x_wconf 83' lang='lat' dir='ltr'>virtute</span> <span class='ocrx_word' id='word_1_22' title='bbox 1343 326 1383 356; x_wconf 89' lang='lat' dir='ltr'>et</span> <span class='ocrx_word' id='word_1_23' title='bbox 1423 314 1545 370; x_wconf 55' lang='lat' dir='ltr'>glori&amp;</span> <span class='ocrx_word' id='word_1_24' title='bbox 1578 315 1710 354; x_wconf 87' lang='lat' dir='ltr'>civem</span> 
     </span>
    </p>
   </div>
   <div class='ocr_carea' id='block_1_5' title="bbox 202 370 1732 425">
    <p class='ocr_par' dir='ltr' id='par_1_5' title="bbox 202 370 1732 425">
     <span class='ocr_line' id='line_1_5' title="bbox 202 370 1732 425; baseline 0 -14"><span class='ocrx_word' id='word_1_25' title='bbox 202 373 371 412; x_wconf 84' lang='lat' dir='ltr'>domum</span> <span class='ocrx_word' id='word_1_26' title='bbox 400 371 439 409; x_wconf 68' lang='lat' dir='ltr'>vi</span> <span class='ocrx_word' id='word_1_27' title='bbox 483 380 522 410; x_wconf 89' lang='lat' dir='ltr'>et</span> <span class='ocrx_word' id='word_1_28' title='bbox 552 370 670 409; x_wconf 87' lang='lat' dir='ltr'>armis</span> <span class='ocrx_word' id='word_1_29' title='bbox 699 371 919 425; x_wconf 80' lang='lat' dir='ltr'>compulit3</span> <span class='ocrx_word' id='word_1_30' title='bbox 965 387 1073 420; x_wconf 88' lang='lat' dir='ltr'>eum,</span> <span class='ocrx_word' id='word_1_31' title='bbox 1117 373 1181 412; x_wconf 86' lang='lat' dir='ltr'>cui</span> <span class='ocrx_word' id='word_1_32' title='bbox 1229 373 1331 413; x_wconf 87' lang='lat' dir='ltr'>nihil</span> <span class='ocrx_word' id='word_1_33' title='bbox 1371 378 1551 425; x_wconf 83' lang='lat' dir='ltr'>unquam</span> <span class='ocrx_word' id='word_1_34' title='bbox 1593 370 1732 411; x_wconf 89' lang='lat' dir='ltr'>nefas&#39;</span> 
     </span>
    </p>
   </div>
   <div class='ocr_carea' id='block_1_6' title="bbox 201 425 1085 475">
    <p class='ocr_par' dir='ltr' id='par_1_6' title="bbox 201 425 1085 475">
     <span class='ocr_line' id='line_1_6' title="bbox 201 425 1085 475; baseline -0.001 -7"><span class='ocrx_word' id='word_1_35' title='bbox 201 428 280 468; x_wconf 84' lang='lat' dir='ltr'>fuit</span> <span class='ocrx_word' id='word_1_36' title='bbox 310 441 383 467; x_wconf 87' lang='lat' dir='ltr'>nec</span> <span class='ocrx_word' id='word_1_37' title='bbox 412 426 454 465; x_wconf 89' lang='lat' dir='ltr'>in</span> <span class='ocrx_word' id='word_1_38' title='bbox 484 425 676 475; x_wconf 73' lang='lat' dir='ltr'>facinore,</span> <span class='ocrx_word' id='word_1_39' title='bbox 705 441 780 467; x_wconf 89' lang='lat' dir='ltr'>nec</span> <span class='ocrx_word' id='word_1_40' title='bbox 823 429 864 467; x_wconf 85' lang='lat' dir='ltr'>in</span> <span class='ocrx_word' id='word_1_41' title='bbox 895 428 1085 468; x_wconf 76' lang='lat' dir='ltr'>libidine:</span> 
     </span>
    </p>
   </div>
   <div class='ocr_carea' id='block_1_7' title="bbox 1136 429 1707 483">
    <p class='ocr_par' dir='ltr' id='par_1_7' title="bbox 1136 429 1707 483">
     <span class='ocr_line' id='line_1_7' title="bbox 1136 429 1707 483; baseline -0.002 -15"><span class='ocrx_word' id='word_1_42' title='bbox 1136 443 1244 476; x_wconf 86' lang='lat' dir='ltr'>eum,</span> <span class='ocrx_word' id='word_1_43' title='bbox 1292 429 1360 483; x_wconf 88' lang='lat' dir='ltr'>qui</span> <span class='ocrx_word' id='word_1_44' title='bbox 1409 429 1538 468; x_wconf 78' lang='lat' dir='ltr'>aedem</span> <span class='ocrx_word' id='word_1_45' title='bbox 1585 442 1707 481; x_wconf 62' lang='lat' dir='ltr'>nym⁴</span> 
     </span>
    </p>
   </div>
   <div class='ocr_carea' id='block_1_8' title="bbox 201 483 1728 547">
    <p class='ocr_par' dir='ltr' id='par_1_8' title="bbox 201 483 1728 547">
     <span class='ocr_line' id='line_1_8' title="bbox 201 483 1728 547; baseline 0.002 -25.002"><span class='ocrx_word' id='word_1_46' title='bbox 201 486 374 547; x_wconf 78' lang='lat' dir='ltr'>pharum</span> <span class='ocrx_word' id='word_1_47' title='bbox 414 483 610 532; x_wconf 79' lang='lat' dir='ltr'>incendit,</span> <span class='ocrx_word' id='word_1_48' title='bbox 653 493 699 524; x_wconf 87' lang='lat' dir='ltr'>ut</span> <span class='ocrx_word' id='word_1_49' title='bbox 746 485 982 524; x_wconf 82' lang='lat' dir='ltr'>memoriam</span> <span class='ocrx_word' id='word_1_50' title='bbox 1035 485 1234 538; x_wconf 83' lang='lat' dir='ltr'>publicam</span> <span class='ocrx_word' id='word_1_51' title='bbox 1276 485 1518 525; x_wconf 84' lang='lat' dir='ltr'>recensionis</span> <span class='ocrx_word' id='word_1_52' title='bbox 1563 485 1728 525; x_wconf 79' lang='lat' dir='ltr'>tabulis</span> 
     </span>
    </p>
   </div>
   <div class='ocr_carea' id='block_1_9' title="bbox 202 537 413 594">
    <p class='ocr_par' dir='ltr' id='par_1_9' title="bbox 202 537 413 594">
     <span class='ocr_line' id='line_1_9' title="bbox 202 537 413 594; baseline -0.006 -14"><span class='ocrx_word' id='word_1_53' title='bbox 202 537 413 594; x_wconf 72' lang='lat' dir='ltr'>publiciss</span> 
     </span>
    </p>
   </div>
   <div class='ocr_carea' id='block_1_10' title="bbox 429 539 1714 595">
    <p class='ocr_par' dir='ltr' id='par_1_10' title="bbox 429 539 1714 595">
     <span class='ocr_line' id='line_1_10' title="bbox 429 539 1714 595; baseline 0.002 -17"><span class='ocrx_word' id='word_1_54' title='bbox 429 539 659 592; x_wconf 79' lang='lat' dir='ltr'>impressam</span> <span class='ocrx_word' id='word_1_55' title='bbox 692 541 969 595; x_wconf 79' lang='lat' dir='ltr'>extingueret:</span> <span class='ocrx_word' id='word_1_56' title='bbox 1002 551 1095 581; x_wconf 81' lang='lat' dir='ltr'>eum</span> <span class='ocrx_word' id='word_1_57' title='bbox 1137 541 1328 595; x_wconf 88' lang='lat' dir='ltr'>denique,</span> <span class='ocrx_word' id='word_1_58' title='bbox 1368 541 1432 580; x_wconf 85' lang='lat' dir='ltr'>cui</span> <span class='ocrx_word' id='word_1_59' title='bbox 1470 540 1553 591; x_wconf 76' lang='lat' dir='ltr'>Jam</span> <span class='ocrx_word' id='word_1_60' title='bbox 1595 542 1714 581; x_wconf 73' lang='lat' dir='ltr'>nulla·</span> 
     </span>
    </p>
   </div>
   <div class='ocr_carea' id='block_1_11' title="bbox 133 596 1707 705">
    <p class='ocr_par' dir='ltr' id='par_1_11' title="bbox 133 596 1707 705">
     <span class='ocr_line' id='line_1_11' title="bbox 133 596 1707 653; baseline 0.002 -19.078"><span class='ocrx_word' id='word_1_61' title='bbox 133 600 185 635; x_wconf 81' lang='lat'>-.3</span> <span class='ocrx_word' id='word_1_62' title='bbox 204 599 268 637; x_wconf 82' lang='lat' dir='ltr'>lex</span> <span class='ocrx_word' id='word_1_63' title='bbox 299 606 399 643; x_wconf 85' lang='lat' dir='ltr'>erat,</span> <span class='ocrx_word' id='word_1_64' title='bbox 428 597 586 636; x_wconf 88' lang='lat' dir='ltr'>nullum</span> <span class='ocrx_word' id='word_1_65' title='bbox 610 596 762 636; x_wconf 83' lang='lat' dir='ltr'>civile</span> <span class='ocrx_word' id='word_1_66' title='bbox 747 612 826 648; x_wconf 68' lang='lat' dir='ltr'>ius,</span> <span class='ocrx_word' id='word_1_67' title='bbox 853 597 954 653; x_wconf 86' lang='lat' dir='ltr'>nulli</span> <span class='ocrx_word' id='word_1_68' title='bbox 983 597 1275 651; x_wconf 85' lang='lat' dir='ltr'>possessionum</span> <span class='ocrx_word' id='word_1_69' title='bbox 1304 597 1493 645; x_wconf 82' lang='lat' dir='ltr'>termini3</span> <span class='ocrx_word' id='word_1_70' title='bbox 1523 597 1591 650; x_wconf 85' lang='lat' dir='ltr'>qui</span> <span class='ocrx_word' id='word_1_71' title='bbox 1622 612 1707 638; x_wconf 89' lang='lat' dir='ltr'>non</span> 
     </span>
     <span class='ocr_line' id='line_1_12' title="bbox 203 650 1706 705; baseline 0.001 -12"><span class='ocrx_word' id='word_1_72' title='bbox 203 651 403 693; x_wconf 80' lang='lat' dir='ltr'>calumnia</span> <span class='ocrx_word' id='word_1_73' title='bbox 445 653 590 701; x_wconf 83' lang='lat' dir='ltr'>litium,</span> <span class='ocrx_word' id='word_1_74' title='bbox 633 667 717 693; x_wconf 88' lang='lat' dir='ltr'>non</span> <span class='ocrx_word' id='word_1_75' title='bbox 762 650 914 705; x_wconf 87' lang='lat' dir='ltr'>injustis</span> <span class='ocrx_word' id='word_1_76' title='bbox 951 655 1132 694; x_wconf 77' lang='lat' dir='ltr'>vindiciis</span> <span class='ocrx_word' id='word_1_77' title='bbox 1176 669 1219 693; x_wconf 87' lang='lat' dir='ltr'>ac</span> <span class='ocrx_word' id='word_1_78' title='bbox 1263 655 1515 694; x_wconf 68' lang='lat' dir='ltr'>sacramentis</span> <span class='ocrx_word' id='word_1_79' title='bbox 1557 653 1706 694; x_wconf 81' lang='lat' dir='ltr'>alienos</span> 
     </span>
    </p>
   </div>
   <div class='ocr_carea' id='block_1_12' title="bbox 202 708 1595 765">
    <p class='ocr_par' dir='ltr' id='par_1_12' title="bbox 202 708 1595 765">
     <span class='ocr_line' id='line_1_13' title="bbox 202 708 1595 765; baseline 0 -17"><span class='ocrx_word' id='word_1_80' title='bbox 202 719 224 738; x_wconf 60' lang='grc' dir='ltr'><em>τ</em></span> <span class='ocrx_word' id='word_1_81' title='bbox 237 708 400 755; x_wconf 84' lang='lat' dir='ltr'>fundos,</span> <span class='ocrx_word' id='word_1_82' title='bbox 448 708 519 749; x_wconf 87' lang='lat' dir='ltr'>sed</span> <span class='ocrx_word' id='word_1_83' title='bbox 562 710 711 758; x_wconf 78' lang='lat' dir='ltr'>castiis,</span> <span class='ocrx_word' id='word_1_84' title='bbox 753 711 947 759; x_wconf 86' lang='lat' dir='ltr'>exercitu,</span> <span class='ocrx_word' id='word_1_85' title='bbox 995 712 1116 765; x_wconf 77' lang='lat' dir='ltr'>signis</span> <span class='ocrx_word' id='word_1_86' title='bbox 1154 709 1380 751; x_wconf 78' lang='lat' dir='ltr'>inferendis</span> <span class='ocrx_word' id='word_1_87' title='bbox 1410 710 1595 763; x_wconf 86' lang='lat' dir='ltr'>petebat:</span> 
     </span>
    </p>
   </div>
   <div class='ocr_carea' id='block_1_13' title="bbox 1638 711 1708 764">
    <p class='ocr_par' dir='ltr' id='par_1_13' title="bbox 1638 711 1708 764">
     <span class='ocr_line' id='line_1_14' title="bbox 1638 711 1708 764; baseline -0.014 -13"><span class='ocrx_word' id='word_1_88' title='bbox 1638 711 1708 764; x_wconf 87' lang='lat' dir='ltr'>qui</span> 
     </span>
    </p>
   </div>
   <div class='ocr_carea' id='block_1_14' title="bbox 201 763 1708 821">
    <p class='ocr_par' dir='ltr' id='par_1_14' title="bbox 201 763 1708 821">
     <span class='ocr_line' id='line_1_15' title="bbox 201 763 1708 821; baseline 0.002 -16"><span class='ocrx_word' id='word_1_89' title='bbox 201 779 286 806; x_wconf 74' lang='lat' dir='ltr'>nou</span> <span class='ocrx_word' id='word_1_90' title='bbox 316 763 445 805; x_wconf 83' lang='lat' dir='ltr'>solum</span> <span class='ocrx_word' id='word_1_91' title='bbox 475 765 661 806; x_wconf 88' lang='lat' dir='ltr'>Etruscos</span> <span class='ocrx_word' id='word_1_92' title='bbox 708 769 791 818; x_wconf 89' lang='lat' dir='ltr'>(eos</span> <span class='ocrx_word' id='word_1_93' title='bbox 820 768 928 807; x_wconf 84' lang='lat' dir='ltr'>enim</span> <span class='ocrx_word' id='word_1_94' title='bbox 959 766 1117 821; x_wconf 87' lang='lat' dir='ltr'>penitus</span> <span class='ocrx_word' id='word_1_95' title='bbox 1154 768 1467 821; x_wconf 72' lang='lat' dir='ltr'>contempserat)</span> <span class='ocrx_word' id='word_1_96' title='bbox 1499 766 1568 806; x_wconf 89' lang='lat' dir='ltr'>sed</span> <span class='ocrx_word' id='word_1_97' title='bbox 1598 767 1708 808; x_wconf 88' lang='lat' dir='ltr'>hunc</span> 
     </span>
    </p>
   </div>
   <div class='ocr_carea' id='block_1_15' title="bbox 203 823 281 863">
    <p class='ocr_par' dir='ltr' id='par_1_15' title="bbox 203 823 281 863">
     <span class='ocr_line' id='line_1_16' title="bbox 203 823 281 863; baseline -0.016 0"><span class='ocrx_word' id='word_1_98' title='bbox 203 823 281 863; x_wconf 87' lang='lat' dir='ltr'>Cn.</span> 
     </span>
    </p>
   </div>
   <div class='ocr_carea' id='block_1_16' title="bbox 200 945 863 1048">
    <p class='ocr_par' dir='ltr' id='par_1_16' title="bbox 200 945 863 1048">
     <span class='ocr_line' id='line_1_17' title="bbox 200 945 452 976; baseline 0 0"><span class='ocrx_word' id='word_1_99' title='bbox 200 947 317 976; x_wconf 81' lang='lat' dir='ltr'>natus</span> <span class='ocrx_word' id='word_1_100' title='bbox 366 945 452 976; x_wconf 86' lang='lat' dir='ltr'>est:</span> 
     </span>
     <span class='ocr_line' id='line_1_18' title="bbox 201 993 863 1048; baseline 0.003 -15"><span class='ocrx_word' id='word_1_101' title='bbox 201 1006 292 1033; x_wconf 79' lang='lat' dir='ltr'>nun</span> <span class='ocrx_word' id='word_1_102' title='bbox 340 993 561 1047; x_wconf 84' lang='lat' dir='ltr'>hortosque</span> <span class='ocrx_word' id='word_1_103' title='bbox 605 994 863 1048; x_wconf 78' lang='lat' dir='ltr'>peragrabat:</span> 
     </span>
    </p>
   </div>
   <div class='ocr_carea' id='block_1_17' title="bbox 563 1218 808 1269">
    <p class='ocr_par' dir='ltr' id='par_1_17' title="bbox 563 1218 808 1269">
     <span class='ocr_line' id='line_1_19' title="bbox 563 1218 808 1269; baseline 0.012 -15"><span class='ocrx_word' id='word_1_104' title='bbox 563 1218 576 1239; x_wconf 47' lang='lat'>‘⁷</span> <span class='ocrx_word' id='word_1_105' title='bbox 589 1218 808 1269; x_wconf 72' lang='lat' dir='ltr'>descriptam.</span> 
     </span>
    </p>
   </div>
   <div class='ocr_carea' id='block_1_18' title="bbox 197 1441 936 2893">
    <p class='ocr_par' dir='ltr' id='par_1_18' title="bbox 204 1441 933 1560">
     <span class='ocr_line' id='line_1_20' title="bbox 248 1441 931 1483; baseline 0.004 -13"><span class='ocrx_word' id='word_1_106' title='bbox 248 1446 294 1474; x_wconf 74' lang='grc'>19,</span> <span class='ocrx_word' id='word_1_107' title='bbox 312 1442 483 1473; x_wconf 62' lang='lat' dir='ltr'>Quibuscum</span> <span class='ocrx_word' id='word_1_108' title='bbox 505 1441 605 1477; x_wconf 71' lang='lat' dir='ltr'>voluit,</span> <span class='ocrx_word' id='word_1_109' title='bbox 621 1443 745 1483; x_wconf 73' lang='lat' dir='ltr'>parlitus·</span> <span class='ocrx_word' id='word_1_110' title='bbox 755 1442 825 1482; x_wconf 52' lang='lat' dir='ltr'>est]</span> <span class='ocrx_word' id='word_1_111' title='bbox 843 1443 931 1475; x_wconf 73' lang='lat' dir='ltr'>Elate</span> 
     </span>
     <span class='ocr_line' id='line_1_21' title="bbox 204 1485 933 1527; baseline 0.001 -10"><span class='ocrx_word' id='word_1_112' title='bbox 204 1489 265 1517; x_wconf 73' lang='lat' dir='ltr'>hoc</span> <span class='ocrx_word' id='word_1_113' title='bbox 282 1486 370 1522; x_wconf 85' lang='lat' dir='ltr'>dicit,</span> <span class='ocrx_word' id='word_1_114' title='bbox 400 1487 474 1524; x_wconf 83' lang='lat' dir='ltr'>quia</span> <span class='ocrx_word' id='word_1_115' title='bbox 488 1485 718 1516; x_wconf 81' lang='lat' dir='ltr'>Macedoniam</span> <span class='ocrx_word' id='word_1_116' title='bbox 733 1487 853 1523; x_wconf 81' lang='lat' dir='ltr'>Pisoni,</span> <span class='ocrx_word' id='word_1_117' title='bbox 876 1488 933 1527; x_wconf 80' lang='lat' dir='ltr'>Sy-</span> 
     </span>
     <span class='ocr_line' id='line_1_22' title="bbox 204 1528 596 1560; baseline -0.005 -1"><span class='ocrx_word' id='word_1_118' title='bbox 204 1532 279 1560; x_wconf 82' lang='lat' dir='ltr'>riam</span> <span class='ocrx_word' id='word_1_119' title='bbox 296 1530 434 1559; x_wconf 88' lang='lat' dir='ltr'>Gabinio</span> <span class='ocrx_word' id='word_1_120' title='bbox 449 1528 596 1558; x_wconf 79' lang='lat' dir='ltr'>decrevit.</span> 
     </span>
    </p>

    <p class='ocr_par' dir='ltr' id='par_1_19' title="bbox 202 1570 936 1912">
     <span class='ocr_line' id='line_1_23' title="bbox 246 1570 934 1612; baseline -0.001 -10"><span class='ocrx_word' id='word_1_121' title='bbox 246 1574 296 1602; x_wconf 76' lang='lat'>20.</span> <span class='ocrx_word' id='word_1_122' title='bbox 311 1570 446 1609; x_wconf 55' lang='lat' dir='ltr'>lasona]</span> <span class='ocrx_word' id='word_1_123' title='bbox 455 1572 489 1602; x_wconf 73' lang='lat' dir='ltr'>lil</span> <span class='ocrx_word' id='word_1_124' title='bbox 499 1577 557 1605; x_wconf 82' lang='lat' dir='ltr'>est,</span> <span class='ocrx_word' id='word_1_125' title='bbox 567 1570 692 1610; x_wconf 85' lang='lat' dir='ltr'>templo</span> <span class='ocrx_word' id='word_1_126' title='bbox 698 1571 934 1612; x_wconf 78' lang='lat' dir='ltr'>Castoris,quod</span> 
     </span>
     <span class='ocr_line' id='line_1_24' title="bbox 202 1614 935 1654; baseline 0.001 -10"><span class='ocrx_word' id='word_1_127' title='bbox 202 1623 268 1646; x_wconf 85' lang='lat' dir='ltr'>erat</span> <span class='ocrx_word' id='word_1_128' title='bbox 280 1616 347 1645; x_wconf 76' lang='lat' dir='ltr'>foro</span> <span class='ocrx_word' id='word_1_129' title='bbox 358 1614 516 1649; x_wconf 79' lang='lat' dir='ltr'>vicinum,</span> <span class='ocrx_word' id='word_1_130' title='bbox 532 1623 598 1652; x_wconf 91' lang='lat' dir='ltr'>quo</span> <span class='ocrx_word' id='word_1_131' title='bbox 618 1615 650 1644; x_wconf 90' lang='lat' dir='ltr'>in</span> <span class='ocrx_word' id='word_1_132' title='bbox 668 1614 786 1654; x_wconf 81' lang='lat' dir='ltr'>templo</span> <span class='ocrx_word' id='word_1_133' title='bbox 805 1616 935 1645; x_wconf 86' lang='lat' dir='ltr'>Clodius</span> 
     </span>
     <span class='ocr_line' id='line_1_25' title="bbox 202 1656 936 1693; baseline -0.003 -5"><span class='ocrx_word' id='word_1_134' title='bbox 202 1668 331 1688; x_wconf 80' lang='lat' dir='ltr'>servum</span> <span class='ocrx_word' id='word_1_135' title='bbox 351 1656 571 1693; x_wconf 74' lang='lat' dir='ltr'>collocaverat,</span> <span class='ocrx_word' id='word_1_136' title='bbox 585 1657 637 1686; x_wconf 89' lang='lat' dir='ltr'>cui</span> <span class='ocrx_word' id='word_1_137' title='bbox 651 1667 688 1686; x_wconf 79' lang='lat' dir='ltr'>ex</span> <span class='ocrx_word' id='word_1_138' title='bbox 711 1659 859 1688; x_wconf 85' lang='lat' dir='ltr'>manibus</span> <span class='ocrx_word' id='word_1_139' title='bbox 880 1666 936 1687; x_wconf 77' lang='lat' dir='ltr'>ex-</span> 
     </span>
     <span class='ocr_line' id='line_1_26' title="bbox 203 1700 936 1738; baseline 0.001 -9"><span class='ocrx_word' id='word_1_140' title='bbox 203 1705 288 1731; x_wconf 81' lang='lat' dir='ltr'>torta</span> <span class='ocrx_word' id='word_1_141' title='bbox 304 1700 367 1730; x_wconf 83' lang='lat' dir='ltr'>sica</span> <span class='ocrx_word' id='word_1_142' title='bbox 381 1706 440 1738; x_wconf 85' lang='lat' dir='ltr'>est,</span> <span class='ocrx_word' id='word_1_143' title='bbox 455 1707 486 1730; x_wconf 88' lang='lat' dir='ltr'>et</span> <span class='ocrx_word' id='word_1_144' title='bbox 501 1700 601 1730; x_wconf 84' lang='lat' dir='ltr'>delata</span> <span class='ocrx_word' id='word_1_145' title='bbox 617 1700 656 1729; x_wconf 76' lang='lat' dir='ltr'>:id</span> <span class='ocrx_word' id='word_1_146' title='bbox 674 1701 869 1738; x_wconf 77' lang='lat' dir='ltr'>Gabinium3</span> <span class='ocrx_word' id='word_1_147' title='bbox 889 1701 936 1730; x_wconf 89' lang='lat' dir='ltr'>in-</span> 
     </span>
     <span class='ocr_line' id='line_1_27' title="bbox 205 1742 935 1783; baseline 0 -10"><span class='ocrx_word' id='word_1_148' title='bbox 205 1750 378 1783; x_wconf 81' lang='lat' dir='ltr'>terrogatus</span> <span class='ocrx_word' id='word_1_149' title='bbox 395 1753 503 1773; x_wconf 75' lang='lat' dir='ltr'>servus</span> <span class='ocrx_word' id='word_1_150' title='bbox 523 1743 680 1781; x_wconf 83' lang='lat' dir='ltr'>respondit</span> <span class='ocrx_word' id='word_1_151' title='bbox 703 1744 760 1775; x_wconf 81' lang='lat' dir='ltr'>sibi</span> <span class='ocrx_word' id='word_1_152' title='bbox 777 1742 794 1773; x_wconf 64' lang='grc' dir='ltr'>εἴ</span> <span class='ocrx_word' id='word_1_153' title='bbox 822 1744 935 1775; x_wconf 86' lang='lat' dir='ltr'>Clodio</span> 
     </span>
     <span class='ocr_line' id='line_1_28' title="bbox 204 1786 935 1826; baseline 0 -10"><span class='ocrx_word' id='word_1_154' title='bbox 204 1787 397 1826; x_wconf 76' lang='lat' dir='ltr'>imperatum</span> <span class='ocrx_word' id='word_1_155' title='bbox 414 1786 522 1822; x_wconf 73' lang='lat' dir='ltr'>fuisse,</span> <span class='ocrx_word' id='word_1_156' title='bbox 544 1793 580 1814; x_wconf 88' lang='lat' dir='ltr'>ut</span> <span class='ocrx_word' id='word_1_157' title='bbox 604 1786 796 1826; x_wconf 81' lang='lat' dir='ltr'>Pompeium</span> <span class='ocrx_word' id='word_1_158' title='bbox 814 1788 935 1816; x_wconf 84' lang='lat' dir='ltr'>occide-</span> 
     </span>
     <span class='ocr_line' id='line_1_29' title="bbox 203 1826 934 1869; baseline 0.004 -11"><span class='ocrx_word' id='word_1_159' title='bbox 203 1836 262 1864; x_wconf 71' lang='lat' dir='ltr'>ret,</span> <span class='ocrx_word' id='word_1_160' title='bbox 280 1827 343 1869; x_wconf 64' lang='lat' dir='ltr'>qua</span> <span class='ocrx_word' id='word_1_161' title='bbox 361 1829 399 1858; x_wconf 81' lang='lat' dir='ltr'>de</span> <span class='ocrx_word' id='word_1_162' title='bbox 414 1826 508 1858; x_wconf 63' lang='lat' dir='ltr'>causa</span> <span class='ocrx_word' id='word_1_163' title='bbox 518 1838 551 1858; x_wconf 89' lang='lat' dir='ltr'>se</span> <span class='ocrx_word' id='word_1_164' title='bbox 565 1829 651 1858; x_wconf 83' lang='lat' dir='ltr'>domi</span> <span class='ocrx_word' id='word_1_165' title='bbox 665 1830 824 1859; x_wconf 83' lang='lat' dir='ltr'>continuit</span> <span class='ocrx_word' id='word_1_166' title='bbox 837 1830 934 1861; x_wconf 82' lang='lat' dir='ltr'>Pom-</span> 
     </span>
     <span class='ocr_line' id='line_1_30' title="bbox 204 1871 475 1912; baseline -0.007 -11"><span class='ocrx_word' id='word_1_167' title='bbox 204 1873 304 1912; x_wconf 79' lang='lat' dir='ltr'>peius.</span> <span class='ocrx_word' id='word_1_168' title='bbox 323 1871 475 1901; x_wconf 74' lang='lat' dir='ltr'>Asconius.</span> 
     </span>
    </p>

    <p class='ocr_par' dir='ltr' id='par_1_20' title="bbox 199 1911 936 2123">
     <span class='ocr_line' id='line_1_31' title="bbox 246 1911 935 1954; baseline 0.001 -10"><span class='ocrx_word' id='word_1_169' title='bbox 246 1916 295 1944; x_wconf 72' lang='lat'>22.</span> <span class='ocrx_word' id='word_1_170' title='bbox 309 1913 416 1944; x_wconf 65' lang='lat' dir='ltr'><strong><em>AEdmn</em></strong></span> <span class='ocrx_word' id='word_1_171' title='bbox 428 1911 636 1954; x_wconf 67' lang='lat' dir='ltr'>nympharum]</span> <span class='ocrx_word' id='word_1_172' title='bbox 644 1914 686 1943; x_wconf 84' lang='lat' dir='ltr'>Iis</span> <span class='ocrx_word' id='word_1_173' title='bbox 696 1914 935 1954; x_wconf 79' lang='lat' dir='ltr'>nymphis,quae</span> 
     </span>
     <span class='ocr_line' id='line_1_32' title="bbox 202 1956 935 1996; baseline 0 -8"><span class='ocrx_word' id='word_1_174' title='bbox 202 1958 344 1988; x_wconf 82' lang='lat' dir='ltr'>fontibus</span> <span class='ocrx_word' id='word_1_175' title='bbox 364 1963 514 1996; x_wconf 77' lang='lat' dir='ltr'>praesunt,</span> <span class='ocrx_word' id='word_1_176' title='bbox 531 1956 641 1986; x_wconf 74' lang='lat' dir='ltr'>Romae</span> <span class='ocrx_word' id='word_1_177' title='bbox 664 1957 728 1987; x_wconf 77' lang='lat' dir='ltr'>fuit</span> <span class='ocrx_word' id='word_1_178' title='bbox 743 1958 935 1988; x_wconf 76' lang='lat' dir='ltr'>:edificatum</span> 
     </span>
     <span class='ocr_line' id='line_1_33' title="bbox 202 1998 936 2040; baseline 0.003 -11"><span class='ocrx_word' id='word_1_179' title='bbox 202 2000 377 2040; x_wconf 81' lang='lat' dir='ltr'>templum,</span> <span class='ocrx_word' id='word_1_180' title='bbox 391 2006 426 2028; x_wconf 85' lang='lat' dir='ltr'>ut</span> <span class='ocrx_word' id='word_1_181' title='bbox 435 2005 537 2029; x_wconf 79' lang='lat' dir='ltr'>essent</span> <span class='ocrx_word' id='word_1_182' title='bbox 552 1998 696 2029; x_wconf 63' lang='lat' dir='ltr'>adversus</span> <span class='ocrx_word' id='word_1_183' title='bbox 710 2001 855 2031; x_wconf 85' lang='lat' dir='ltr'>incendia</span> <span class='ocrx_word' id='word_1_184' title='bbox 866 2011 936 2040; x_wconf 85' lang='lat' dir='ltr'>pro-</span> 
     </span>
     <span class='ocr_line' id='line_1_34' title="bbox 199 2040 933 2082; baseline 0.003 -10"><span class='ocrx_word' id='word_1_185' title='bbox 199 2044 300 2082; x_wconf 82' lang='lat' dir='ltr'>pitiae,</span> <span class='ocrx_word' id='word_1_186' title='bbox 310 2042 396 2082; x_wconf 85' lang='lat' dir='ltr'>quod</span> <span class='ocrx_word' id='word_1_187' title='bbox 409 2040 428 2071; x_wconf 73' lang='lat' dir='ltr'>a</span> <span class='ocrx_word' id='word_1_188' title='bbox 439 2041 551 2072; x_wconf 90' lang='lat' dir='ltr'>Clodio</span> <span class='ocrx_word' id='word_1_189' title='bbox 566 2042 734 2073; x_wconf 88' lang='lat' dir='ltr'>incensum</span> <span class='ocrx_word' id='word_1_190' title='bbox 747 2051 803 2073; x_wconf 82' lang='lat' dir='ltr'>est.</span> <span class='ocrx_word' id='word_1_191' title='bbox 849 2045 933 2075; x_wconf 83' lang='lat' dir='ltr'>Vide</span> 
     </span>
     <span class='ocr_line' id='line_1_35' title="bbox 201 2085 585 2123; baseline -0.008 -7"><span class='ocrx_word' id='word_1_192' title='bbox 201 2087 290 2116; x_wconf 85' lang='lat' dir='ltr'>Orat.</span> <span class='ocrx_word' id='word_1_193' title='bbox 303 2087 341 2115; x_wconf 90' lang='lat' dir='ltr'>de</span> <span class='ocrx_word' id='word_1_194' title='bbox 354 2085 492 2123; x_wconf 82' lang='lat' dir='ltr'>Harusp.</span> <span class='ocrx_word' id='word_1_195' title='bbox 503 2094 585 2123; x_wconf 84' lang='lat' dir='ltr'>resp.</span> 
     </span>
    </p>

    <p class='ocr_par' dir='ltr' id='par_1_21' title="bbox 199 2126 933 2459">
     <span class='ocr_line' id='line_1_36' title="bbox 244 2126 932 2169; baseline 0.001 -11"><span class='ocrx_word' id='word_1_196' title='bbox 244 2129 294 2158; x_wconf 72' lang='grc'>(23.</span> <span class='ocrx_word' id='word_1_197' title='bbox 303 2127 343 2158; x_wconf 78' lang='lat' dir='ltr'>Ue</span> <span class='ocrx_word' id='word_1_198' title='bbox 354 2127 514 2157; x_wconf 76' lang='lat' dir='ltr'>memoriam</span> <span class='ocrx_word' id='word_1_199' title='bbox 526 2126 664 2166; x_wconf 76' lang='lat' dir='ltr'>publicam</span> <span class='ocrx_word' id='word_1_200' title='bbox 679 2126 932 2169; x_wconf 55' lang='lat' dir='ltr'>recensionis-JSo·</span> 
     </span>
     <span class='ocr_line' id='line_1_37' title="bbox 200 2169 933 2209; baseline -0.001 -7"><span class='ocrx_word' id='word_1_201' title='bbox 200 2171 308 2202; x_wconf 81' lang='lat' dir='ltr'>lebant</span> <span class='ocrx_word' id='word_1_202' title='bbox 323 2172 472 2201; x_wconf 83' lang='lat' dir='ltr'>Censores</span> <span class='ocrx_word' id='word_1_203' title='bbox 487 2169 618 2209; x_wconf 81' lang='lat' dir='ltr'>singulis</span> <span class='ocrx_word' id='word_1_204' title='bbox 635 2171 739 2201; x_wconf 87' lang='lat' dir='ltr'>lustris</span> <span class='ocrx_word' id='word_1_205' title='bbox 753 2181 862 2202; x_wconf 87' lang='lat' dir='ltr'>ornnes</span> <span class='ocrx_word' id='word_1_206' title='bbox 879 2172 933 2201; x_wconf 84' lang='lat' dir='ltr'>tri-</span> 
     </span>
     <span class='ocr_line' id='line_1_38' title="bbox 199 2213 933 2253; baseline 0 -9"><span class='ocrx_word' id='word_1_207' title='bbox 199 2215 260 2244; x_wconf 87' lang='lat' dir='ltr'>bus</span> <span class='ocrx_word' id='word_1_208' title='bbox 273 2223 413 2248; x_wconf 75' lang='lat' dir='ltr'>censere,</span> <span class='ocrx_word' id='word_1_209' title='bbox 427 2220 458 2242; x_wconf 87' lang='lat' dir='ltr'>et</span> <span class='ocrx_word' id='word_1_210' title='bbox 474 2213 597 2242; x_wconf 85' lang='lat' dir='ltr'>tabulas</span> <span class='ocrx_word' id='word_1_211' title='bbox 623 2214 748 2250; x_wconf 83' lang='lat' dir='ltr'>habere,</span> <span class='ocrx_word' id='word_1_212' title='bbox 768 2215 801 2244; x_wconf 88' lang='lat' dir='ltr'>in</span> <span class='ocrx_word' id='word_1_213' title='bbox 815 2214 933 2253; x_wconf 84' lang='lat' dir='ltr'>quibus</span> 
     </span>
     <span class='ocr_line' id='line_1_39' title="bbox 199 2255 932 2287; baseline -0.001 0"><span class='ocrx_word' id='word_1_214' title='bbox 199 2257 315 2287; x_wconf 81' lang='lat' dir='ltr'>scelera</span> <span class='ocrx_word' id='word_1_215' title='bbox 330 2257 478 2286; x_wconf 85' lang='lat' dir='ltr'>omnium</span> <span class='ocrx_word' id='word_1_216' title='bbox 491 2255 611 2285; x_wconf 81' lang='lat' dir='ltr'>civium</span> <span class='ocrx_word' id='word_1_217' title='bbox 629 2258 830 2287; x_wconf 82' lang='lat' dir='ltr'>notabantur.</span> <span class='ocrx_word' id='word_1_218' title='bbox 847 2256 932 2287; x_wconf 76' lang='lat' dir='ltr'>Cum</span> 
     </span>
     <span class='ocr_line' id='line_1_40' title="bbox 199 2297 933 2339; baseline -0.001 -9"><span class='ocrx_word' id='word_1_219' title='bbox 199 2307 309 2330; x_wconf 85' lang='lat' dir='ltr'>autem</span> <span class='ocrx_word' id='word_1_220' title='bbox 336 2308 401 2329; x_wconf 89' lang='lat' dir='ltr'>non</span> <span class='ocrx_word' id='word_1_221' title='bbox 425 2299 578 2337; x_wconf 80' lang='lat' dir='ltr'>ignoraret</span> <span class='ocrx_word' id='word_1_222' title='bbox 595 2297 725 2328; x_wconf 82' lang='lat' dir='ltr'>Clodius</span> <span class='ocrx_word' id='word_1_223' title='bbox 741 2309 798 2330; x_wconf 87' lang='lat' dir='ltr'>sua</span> <span class='ocrx_word' id='word_1_224' title='bbox 815 2300 933 2339; x_wconf 70' lang='lat' dir='ltr'>flagitia</span> 
     </span>
     <span class='ocr_line' id='line_1_41' title="bbox 199 2341 931 2381; baseline 0 -9"><span class='ocrx_word' id='word_1_225' title='bbox 199 2344 235 2373; x_wconf 89' lang='lat' dir='ltr'>in</span> <span class='ocrx_word' id='word_1_226' title='bbox 251 2349 320 2372; x_wconf 90' lang='lat' dir='ltr'>acta</span> <span class='ocrx_word' id='word_1_227' title='bbox 335 2341 464 2381; x_wconf 81' lang='lat' dir='ltr'>publica</span> <span class='ocrx_word' id='word_1_228' title='bbox 488 2341 604 2377; x_wconf 83' lang='lat' dir='ltr'>referri,</span> <span class='ocrx_word' id='word_1_229' title='bbox 633 2342 739 2380; x_wconf 83' lang='lat' dir='ltr'>ibique</span> <span class='ocrx_word' id='word_1_230' title='bbox 768 2343 931 2379; x_wconf 75' lang='lat' dir='ltr'>asservari,</span> 
     </span>
     <span class='ocr_line' id='line_1_42' title="bbox 200 2383 933 2424; baseline -0.003 -8"><span class='ocrx_word' id='word_1_231' title='bbox 200 2385 342 2416; x_wconf 81' lang='lat' dir='ltr'>incendit</span> <span class='ocrx_word' id='word_1_232' title='bbox 352 2383 431 2414; x_wconf 89' lang='lat' dir='ltr'>illud</span> <span class='ocrx_word' id='word_1_233' title='bbox 445 2383 617 2424; x_wconf 83' lang='lat' dir='ltr'>templum,</span> <span class='ocrx_word' id='word_1_234' title='bbox 633 2391 670 2413; x_wconf 86' lang='lat' dir='ltr'>ut</span> <span class='ocrx_word' id='word_1_235' title='bbox 684 2394 795 2416; x_wconf 85' lang='lat' dir='ltr'>eorum</span> <span class='ocrx_word' id='word_1_236' title='bbox 810 2395 933 2415; x_wconf 87' lang='lat' dir='ltr'>memo-</span> 
     </span>
     <span class='ocr_line' id='line_1_43' title="bbox 199 2428 422 2459; baseline -0.013 0"><span class='ocrx_word' id='word_1_237' title='bbox 199 2429 246 2459; x_wconf 80' lang='lat' dir='ltr'>tia</span> <span class='ocrx_word' id='word_1_238' title='bbox 259 2428 422 2458; x_wconf 86' lang='lat' dir='ltr'>deleretur.</span> 
     </span>
    </p>

    <p class='ocr_par' dir='ltr' id='par_1_22' title="bbox 200 2464 930 2553">
     <span class='ocr_line' id='line_1_44' title="bbox 243 2464 930 2510; baseline 0.004 -11"><span class='ocrx_word' id='word_1_239' title='bbox 243 2472 293 2500; x_wconf 79' lang='lat'>26.</span> <span class='ocrx_word' id='word_1_240' title='bbox 313 2464 475 2499; x_wconf 64' lang='lat' dir='ltr'>Calwnm‘zi.</span> <span class='ocrx_word' id='word_1_241' title='bbox 479 2467 493 2510; x_wconf 90' lang='lat'><em>]</em></span> <span class='ocrx_word' id='word_1_242' title='bbox 507 2468 679 2500; x_wconf 82' lang='lat' dir='ltr'>Calumnia</span> <span class='ocrx_word' id='word_1_243' title='bbox 694 2477 739 2500; x_wconf 80' lang='lat' dir='ltr'>est</span> <span class='ocrx_word' id='word_1_244' title='bbox 762 2470 875 2501; x_wconf 82' lang='lat' dir='ltr'>callida</span> <span class='ocrx_word' id='word_1_245' title='bbox 898 2478 930 2502; x_wconf 89' lang='lat' dir='ltr'>et</span> 
     </span>
     <span class='ocr_line' id='line_1_45' title="bbox 200 2512 930 2553; baseline 0.001 -10"><span class='ocrx_word' id='word_1_246' title='bbox 200 2512 458 2553; x_wconf 69' lang='lat' dir='ltr'>malmOsaJuris</span> <span class='ocrx_word' id='word_1_247' title='bbox 452 2519 672 2550; x_wconf 80' lang='lat' dir='ltr'>interpretatio</span> <span class='ocrx_word' id='word_1_248' title='bbox 689 2513 768 2544; x_wconf 87' lang='lat' dir='ltr'>Vide</span> <span class='ocrx_word' id='word_1_249' title='bbox 779 2514 930 2553; x_wconf 76' lang='lat' dir='ltr'>Dig..1¹2.</span> 
     </span>
    </p>

    <p class='ocr_par' dir='ltr' id='par_1_23' title="bbox 197 2552 934 2893">
     <span class='ocr_line' id='line_1_46' title="bbox 242 2552 928 2598; baseline 0 -12"><span class='ocrx_word' id='word_1_250' title='bbox 242 2555 431 2598; x_wconf 66' lang='lat' dir='ltr'>1b.Injus!is&#39;</span> <span class='ocrx_word' id='word_1_251' title='bbox 451 2555 588 2585; x_wconf 66' lang='lat' dir='ltr'>uindiciis.</span> <span class='ocrx_word' id='word_1_252' title='bbox 592 2552 606 2595; x_wconf 90' lang='lat'><em>]</em></span> <span class='ocrx_word' id='word_1_253' title='bbox 634 2554 678 2585; x_wconf 84' lang='lat' dir='ltr'>Ex</span> <span class='ocrx_word' id='word_1_254' title='bbox 694 2557 782 2586; x_wconf 84' lang='lat' dir='ltr'>Festo</span> <span class='ocrx_word' id='word_1_255' title='bbox 799 2557 852 2586; x_wconf 88' lang='lat' dir='ltr'>lib</span> <span class='ocrx_word' id='word_1_256' title='bbox 870 2557 928 2587; x_wconf 87' lang='lat' dir='ltr'>ult.</span> 
     </span>
     <span class='ocr_line' id='line_1_47' title="bbox 200 2596 934 2639; baseline 0.001 -11"><span class='ocrx_word' id='word_1_257' title='bbox 200 2599 330 2629; x_wconf 77' lang='lat' dir='ltr'>oimlicioe</span> <span class='ocrx_word' id='word_1_258' title='bbox 344 2596 449 2639; x_wconf 76' lang='lat' dir='ltr'>appell</span> <span class='ocrx_word' id='word_1_259' title='bbox 442 2601 530 2626; x_wconf 81' lang='lat' dir='ltr'>mlur</span> <span class='ocrx_word' id='word_1_260' title='bbox 544 2607 588 2627; x_wconf 78' lang='lat' dir='ltr'>res</span> <span class='ocrx_word' id='word_1_261' title='bbox 601 2609 649 2632; x_wconf 65' lang='grc' dir='ltr'>ω,</span> <span class='ocrx_word' id='word_1_262' title='bbox 663 2597 697 2626; x_wconf 79' lang='lat' dir='ltr'>de</span> <span class='ocrx_word' id='word_1_263' title='bbox 704 2599 806 2638; x_wconf 72' lang='lat' dir='ltr'>quibus</span> <span class='ocrx_word' id='word_1_264' title='bbox 821 2603 934 2629; x_wconf 76' lang='lat' dir='ltr'>contro-</span> 
     </span>
     <span class='ocr_line' id='line_1_48' title="bbox 199 2640 932 2682; baseline 0 -11"><span class='ocrx_word' id='word_1_265' title='bbox 199 2645 294 2671; x_wconf 76' lang='lat' dir='ltr'>versia</span> <span class='ocrx_word' id='word_1_266' title='bbox 308 2645 358 2671; x_wconf 80' lang='lat' dir='ltr'>ese</span> <span class='ocrx_word' id='word_1_267' title='bbox 381 2640 540 2670; x_wconf 82' lang='lat' dir='ltr'>Vindiciae</span> <span class='ocrx_word' id='word_1_268' title='bbox 552 2640 625 2670; x_wconf 80' lang='lat' dir='ltr'>vero</span> <span class='ocrx_word' id='word_1_269' title='bbox 648 2640 699 2682; x_wconf 86' lang='lat' dir='ltr'>jus</span> <span class='ocrx_word' id='word_1_270' title='bbox 716 2648 762 2672; x_wconf 87' lang='lat' dir='ltr'>est</span> <span class='ocrx_word' id='word_1_271' title='bbox 777 2641 814 2672; x_wconf 88' lang='lat' dir='ltr'>lis</span> <span class='ocrx_word' id='word_1_272' title='bbox 831 2642 932 2672; x_wconf 82' lang='lat' dir='ltr'>vindi-</span> 
     </span>
     <span class='ocr_line' id='line_1_49' title="bbox 200 2684 932 2723; baseline 0 -9"><span class='ocrx_word' id='word_1_273' title='bbox 200 2685 308 2714; x_wconf 78' lang='lat' dir='ltr'>candae</span> <span class='ocrx_word' id='word_1_274' title='bbox 329 2683 530 2723; x_wconf 75' lang='lat' dir='ltr'>possessionis</span> <span class='ocrx_word' id='word_1_275' title='bbox 555 2684 638 2721; x_wconf 87' lang='lat' dir='ltr'>apud</span> <span class='ocrx_word' id='word_1_276' title='bbox 655 2685 843 2714; x_wconf 83' lang='lat' dir='ltr'>Praetorem:</span> <span class='ocrx_word' id='word_1_277' title='bbox 872 2685 932 2715; x_wconf 87' lang='lat' dir='ltr'>Sed</span> 
     </span>
     <span class='ocr_line' id='line_1_50' title="bbox 199 2723 931 2766; baseline 0.001 -10"><span class='ocrx_word' id='word_1_278' title='bbox 199 2727 357 2766; x_wconf 82' lang='lat' dir='ltr'>quoniam</span> <span class='ocrx_word' id='word_1_279' title='bbox 379 2727 412 2755; x_wconf 87' lang='lat' dir='ltr'>in</span> <span class='ocrx_word' id='word_1_280' title='bbox 427 2723 486 2755; x_wconf 64' lang='lat' dir='ltr'>hic</span> <span class='ocrx_word' id='word_1_281' title='bbox 504 2726 558 2755; x_wconf 90' lang='lat' dir='ltr'>lite</span> <span class='ocrx_word' id='word_1_282' title='bbox 574 2726 789 2764; x_wconf 79' lang='lat' dir='ltr'>deponebatur</span> <span class='ocrx_word' id='word_1_283' title='bbox 803 2736 931 2757; x_wconf 80' lang='lat' dir='ltr'>summa</span> 
     </span>
     <span class='ocr_line' id='line_1_51' title="bbox 199 2769 933 2810; baseline 0.003 -12"><span class='ocrx_word' id='word_1_284' title='bbox 199 2769 347 2808; x_wconf 80' lang='lat' dir='ltr'>quaedam</span> <span class='ocrx_word' id='word_1_285' title='bbox 363 2769 525 2810; x_wconf 78' lang='lat' dir='ltr'>pecuniae;</span> <span class='ocrx_word' id='word_1_286' title='bbox 552 2774 582 2797; x_wconf 89' lang='lat' dir='ltr'>et</span> <span class='ocrx_word' id='word_1_287' title='bbox 598 2769 654 2808; x_wconf 86' lang='lat' dir='ltr'>qui</span> <span class='ocrx_word' id='word_1_288' title='bbox 678 2770 859 2805; x_wconf 86' lang='lat' dir='ltr'>vincebant,</span> <span class='ocrx_word' id='word_1_289' title='bbox 877 2779 933 2800; x_wconf 85' lang='lat' dir='ltr'>au·</span> 
     </span>
     <span class='ocr_line' id='line_1_52' title="bbox 197 2811 932 2852; baseline 0.001 -11"><span class='ocrx_word' id='word_1_290' title='bbox 197 2811 340 2841; x_wconf 78' lang='lat' dir='ltr'>ferebant</span> <span class='ocrx_word' id='word_1_291' title='bbox 352 2818 470 2849; x_wconf 83' lang='lat' dir='ltr'>partein</span> <span class='ocrx_word' id='word_1_292' title='bbox 485 2812 642 2850; x_wconf 80' lang='lat' dir='ltr'>pecuniae:</span> <span class='ocrx_word' id='word_1_293' title='bbox 671 2820 703 2842; x_wconf 90' lang='lat' dir='ltr'>et</span> <span class='ocrx_word' id='word_1_294' title='bbox 717 2814 771 2852; x_wconf 88' lang='lat' dir='ltr'>qui</span> <span class='ocrx_word' id='word_1_295' title='bbox 786 2813 932 2842; x_wconf 79' lang='lat' dir='ltr'>vinceba-</span> 
     </span>
     <span class='ocr_line' id='line_1_53' title="bbox 199 2853 931 2893; baseline 0.004 -9"><span class='ocrx_word' id='word_1_296' title='bbox 199 2861 260 2890; x_wconf 73' lang='lat' dir='ltr'>tur,</span> <span class='ocrx_word' id='word_1_297' title='bbox 274 2853 343 2891; x_wconf 72' lang='lat' dir='ltr'>ejus</span> <span class='ocrx_word' id='word_1_298' title='bbox 364 2853 503 2893; x_wconf 75' lang='lat' dir='ltr'>pecunia</span> <span class='ocrx_word' id='word_1_299' title='bbox 515 2854 729 2893; x_wconf 76' lang='lat' dir='ltr'>deponebatur</span> <span class='ocrx_word' id='word_1_300' title='bbox 741 2856 772 2886; x_wconf 88' lang='lat' dir='ltr'>in</span> <span class='ocrx_word' id='word_1_301' title='bbox 783 2856 931 2887; x_wconf 79' lang='lat' dir='ltr'>aerariurn</span> 
     </span>
    </p>
   </div>
   <div class='ocr_carea' id='block_1_19' title="bbox 131 821 1729 991">
    <p class='ocr_par' dir='ltr' id='par_1_24' title="bbox 131 821 1729 991">
     <span class='ocr_line' id='line_1_54' title="bbox 333 821 1706 878; baseline 0.001 -17"><span class='ocrx_word' id='word_1_302' title='bbox 333 821 588 876; x_wconf 88' lang='lat' dir='ltr'>Pompeium,</span> <span class='ocrx_word' id='word_1_303' title='bbox 636 823 768 863; x_wconf 83' lang='lat' dir='ltr'>virum</span> <span class='ocrx_word' id='word_1_304' title='bbox 817 823 1096 872; x_wconf 81' lang='lat' dir='ltr'>fortissimum,</span> <span class='ocrx_word' id='word_1_305' title='bbox 1143 834 1264 877; x_wconf 85' lang='lat' dir='ltr'>atque</span> <span class='ocrx_word' id='word_1_306' title='bbox 1311 823 1514 878; x_wconf 87' lang='lat' dir='ltr'>optimum</span> <span class='ocrx_word' id='word_1_307' title='bbox 1561 823 1706 872; x_wconf 67' lang='lat' dir='ltr'>civem,</span> 
     </span>
     <span class='ocr_line' id='line_1_55' title="bbox 131 879 1729 934; baseline -0.001 -15"><span class='ocrx_word' id='word_1_308' title='bbox 131 879 375 931; x_wconf 66' lang='lat' dir='ltr'>zojudicem</span> <span class='ocrx_word' id='word_1_309' title='bbox 421 889 604 920; x_wconf 85' lang='lat' dir='ltr'>nostrum</span> <span class='ocrx_word' id='word_1_310' title='bbox 651 881 802 933; x_wconf 87' lang='lat' dir='ltr'>pellere</span> <span class='ocrx_word' id='word_1_311' title='bbox 850 881 1173 934; x_wconf 73' lang='lat' dir='ltr'>possessionibu5‚</span> <span class='ocrx_word' id='word_1_312' title='bbox 1217 881 1334 920; x_wconf 86' lang='lat' dir='ltr'>armis</span> <span class='ocrx_word' id='word_1_313' title='bbox 1382 880 1599 934; x_wconf 78' lang='lat' dir='ltr'>castrisque</span> <span class='ocrx_word' id='word_1_314' title='bbox 1642 893 1729 919; x_wconf 90' lang='lat' dir='ltr'>co--</span> 
     </span>
     <span class='ocr_line' id='line_1_56' title="bbox 510 937 1708 991; baseline 0.001 -16"><span class='ocrx_word' id='word_1_315' title='bbox 510 937 578 990; x_wconf 90' lang='lat' dir='ltr'>qui</span> <span class='ocrx_word' id='word_1_316' title='bbox 630 951 721 976; x_wconf 89' lang='lat' dir='ltr'>cum</span> <span class='ocrx_word' id='word_1_317' title='bbox 775 938 1001 978; x_wconf 82' lang='lat' dir='ltr'>architectis</span> <span class='ocrx_word' id='word_1_318' title='bbox 1040 948 1081 977; x_wconf 88' lang='lat' dir='ltr'>et</span> <span class='ocrx_word' id='word_1_319' title='bbox 1121 938 1374 991; x_wconf 83' lang='lat' dir='ltr'>decempedis</span> <span class='ocrx_word' id='word_1_320' title='bbox 1411 937 1523 975; x_wconf 83' lang='lat' dir='ltr'>villas</span> <span class='ocrx_word' id='word_1_321' title='bbox 1558 937 1708 976; x_wconf 57' lang='lat' dir='ltr'>multo*-</span> 
     </span>
    </p>
   </div>
   <div class='ocr_carea' id='block_1_20' title="bbox 921 995 991 1049">
    <p class='ocr_par' dir='ltr' id='par_1_25' title="bbox 921 995 991 1049">
     <span class='ocr_line' id='line_1_57' title="bbox 921 995 991 1049; baseline -0.014 -14"><span class='ocrx_word' id='word_1_322' title='bbox 921 995 991 1049; x_wconf 92' lang='lat' dir='ltr'>qui</span> 
     </span>
    </p>
   </div>
   <div class='ocr_carea' id='block_1_21' title="bbox 1050 993 1706 1047">
    <p class='ocr_par' dir='ltr' id='par_1_26' title="bbox 1050 993 1706 1047">
     <span class='ocr_line' id='line_1_58' title="bbox 1050 993 1706 1047; baseline -0.005 -12"><span class='ocrx_word' id='word_1_323' title='bbox 1050 994 1229 1035; x_wconf 82' lang='lat' dir='ltr'>Janiculo</span> <span class='ocrx_word' id='word_1_324' title='bbox 1278 1006 1317 1036; x_wconf 85' lang='lat' dir='ltr'>et</span> <span class='ocrx_word' id='word_1_325' title='bbox 1375 993 1547 1047; x_wconf 82' lang='lat' dir='ltr'>Alpibus</span> <span class='ocrx_word' id='word_1_326' title='bbox 1593 1006 1706 1047; x_wconf 85' lang='lat' dir='ltr'>spem</span> 
     </span>
    </p>
   </div>
   <div class='ocr_carea' id='block_1_22' title="bbox 1079 1221 1346 1271">
    <p class='ocr_par' dir='ltr' id='par_1_27' title="bbox 1079 1221 1346 1271">
     <span class='ocr_line' id='line_1_59' title="bbox 1079 1221 1346 1271; baseline 0.004 -13"><span class='ocrx_word' id='word_1_327' title='bbox 1079 1224 1097 1249; x_wconf 60' lang='grc' dir='ltr'>ἓ</span> <span class='ocrx_word' id='word_1_328' title='bbox 1106 1221 1346 1271; x_wconf 68' lang='lat' dir='ltr'>possessiones.</span> 
     </span>
    </p>
   </div>
   <div class='ocr_carea' id='block_1_23' title="bbox 974 1443 1726 2854">
    <p class='ocr_par' dir='ltr' id='par_1_28' title="bbox 976 1443 1711 1568">
     <span class='ocr_line' id='line_1_60' title="bbox 977 1443 1711 1485; baseline -0.001 -10"><span class='ocrx_word' id='word_1_329' title='bbox 977 1451 1133 1485; x_wconf 79' lang='lat' dir='ltr'>tanquam</span> <span class='ocrx_word' id='word_1_330' title='bbox 1149 1453 1195 1474; x_wconf 83' lang='lat' dir='ltr'>res</span> <span class='ocrx_word' id='word_1_331' title='bbox 1211 1452 1299 1473; x_wconf 82' lang='lat' dir='ltr'>sacra</span> <span class='ocrx_word' id='word_1_332' title='bbox 1314 1448 1413 1481; x_wconf 86' lang='lat' dir='ltr'>esset;</span> <span class='ocrx_word' id='word_1_333' title='bbox 1442 1443 1514 1474; x_wconf 85' lang='lat' dir='ltr'>inde</span> <span class='ocrx_word' id='word_1_334' title='bbox 1531 1453 1711 1474; x_wconf 52' lang='lat' dir='ltr'>sacramen*</span> 
     </span>
     <span class='ocr_line' id='line_1_61' title="bbox 976 1487 1709 1527; baseline 0 -9"><span class='ocrx_word' id='word_1_335' title='bbox 976 1496 1046 1518; x_wconf 88' lang='lat' dir='ltr'>tum</span> <span class='ocrx_word' id='word_1_336' title='bbox 1064 1488 1137 1517; x_wconf 80' lang='lat' dir='ltr'>aiibi</span> <span class='ocrx_word' id='word_1_337' title='bbox 1161 1487 1276 1516; x_wconf 85' lang='lat' dir='ltr'>dicitur</span> <span class='ocrx_word' id='word_1_338' title='bbox 1291 1495 1328 1515; x_wconf 83' lang='lat' dir='ltr'>cx</span> <span class='ocrx_word' id='word_1_339' title='bbox 1345 1488 1513 1525; x_wconf 77' lang='lat' dir='ltr'>sponsione</span> <span class='ocrx_word' id='word_1_340' title='bbox 1546 1497 1650 1527; x_wconf 85' lang='lat' dir='ltr'>agere,</span> <span class='ocrx_word' id='word_1_341' title='bbox 1676 1493 1709 1518; x_wconf 76' lang='lat' dir='ltr'>et</span> 
     </span>
     <span class='ocr_line' id='line_1_62' title="bbox 977 1528 1640 1568; baseline -0.002 -7"><span class='ocrx_word' id='word_1_342' title='bbox 977 1537 1173 1561; x_wconf 82' lang='lat' dir='ltr'>sacramenta</span> <span class='ocrx_word' id='word_1_343' title='bbox 1191 1528 1323 1568; x_wconf 79' lang='lat' dir='ltr'>litigare,</span> <span class='ocrx_word' id='word_1_344' title='bbox 1338 1537 1412 1567; x_wconf 84' lang='lat' dir='ltr'>quae</span> <span class='ocrx_word' id='word_1_345' title='bbox 1428 1529 1538 1560; x_wconf 86' lang='lat' dir='ltr'>eadem</span> <span class='ocrx_word' id='word_1_346' title='bbox 1554 1535 1640 1560; x_wconf 84' lang='lat' dir='ltr'>sunt.</span> 
     </span>
    </p>

    <p class='ocr_par' dir='ltr' id='par_1_29' title="bbox 979 1572 1726 1742">
     <span class='ocr_line' id='line_1_63' title="bbox 1020 1572 1726 1612; baseline 0.003 -10"><span class='ocrx_word' id='word_1_347' title='bbox 1020 1575 1071 1604; x_wconf 70' lang='lat'>23.</span> <span class='ocrx_word' id='word_1_348' title='bbox 1089 1573 1252 1610; x_wconf 59' lang='lat' dir='ltr'>Etruscos]</span> <span class='ocrx_word' id='word_1_349' title='bbox 1280 1573 1367 1601; x_wconf 83' lang='lat' dir='ltr'>Dixit</span> <span class='ocrx_word' id='word_1_350' title='bbox 1389 1572 1532 1612; x_wconf 72' lang='lat' dir='ltr'>superius</span> <span class='ocrx_word' id='word_1_351' title='bbox 1555 1573 1726 1604; x_wconf 81' lang='lat' dir='ltr'>Clodium·</span> 
     </span>
     <span class='ocr_line' id='line_1_64' title="bbox 979 1615 1712 1656; baseline 0 -10"><span class='ocrx_word' id='word_1_352' title='bbox 979 1616 1183 1646; x_wconf 76' lang='lat' dir='ltr'>Etruseorum</span> <span class='ocrx_word' id='word_1_353' title='bbox 1199 1615 1302 1654; x_wconf 80' lang='lat' dir='ltr'>sylvas</span> <span class='ocrx_word' id='word_1_354' title='bbox 1314 1615 1540 1654; x_wconf 78' lang='lat' dir='ltr'>depopulatum</span> <span class='ocrx_word' id='word_1_355' title='bbox 1551 1626 1627 1653; x_wconf 87' lang='lat' dir='ltr'>esse,</span> <span class='ocrx_word' id='word_1_356' title='bbox 1637 1617 1712 1656; x_wconf 59' lang='lat' dir='ltr'>qui⁴</span> 
     </span>
     <span class='ocr_line' id='line_1_65' title="bbox 979 1658 1710 1700; baseline 0.001 -11"><span class='ocrx_word' id='word_1_357' title='bbox 979 1660 1039 1689; x_wconf 83' lang='lat' dir='ltr'>bus</span> <span class='ocrx_word' id='word_1_358' title='bbox 1052 1660 1118 1700; x_wconf 78' lang='lat' dir='ltr'>jam</span> <span class='ocrx_word' id='word_1_359' title='bbox 1136 1667 1294 1697; x_wconf 81' lang='lat' dir='ltr'>tanquam</span> <span class='ocrx_word' id='word_1_360' title='bbox 1315 1658 1459 1689; x_wconf 77' lang='lat' dir='ltr'>hostibus</span> <span class='ocrx_word' id='word_1_361' title='bbox 1483 1658 1606 1689; x_wconf 83' lang='lat' dir='ltr'>bellurn</span> <span class='ocrx_word' id='word_1_362' title='bbox 1623 1660 1710 1690; x_wconf 84' lang='lat' dir='ltr'>intu-</span> 
     </span>
     <span class='ocr_line' id='line_1_66' title="bbox 980 1703 1279 1742; baseline -0.007 -10"><span class='ocrx_word' id='word_1_363' title='bbox 980 1703 1051 1732; x_wconf 75' lang='lat' dir='ltr'>lisse</span> <span class='ocrx_word' id='word_1_364' title='bbox 1067 1703 1279 1742; x_wconf 82' lang='lat' dir='ltr'>conqueritur.</span> 
     </span>
    </p>

    <p class='ocr_par' dir='ltr' id='par_1_30' title="bbox 975 1743 1712 2085">
     <span class='ocr_line' id='line_1_67' title="bbox 1023 1743 1711 1781; baseline 0.01 -12"><span class='ocrx_word' id='word_1_365' title='bbox 1023 1747 1072 1776; x_wconf 79' lang='lat'>29,</span> <span class='ocrx_word' id='word_1_366' title='bbox 1099 1744 1154 1774; x_wconf 80' lang='lat' dir='ltr'>Cn.</span> <span class='ocrx_word' id='word_1_367' title='bbox 1182 1743 1371 1781; x_wconf 70' lang='lat' dir='ltr'>Pompeium]</span> <span class='ocrx_word' id='word_1_368' title='bbox 1392 1744 1466 1774; x_wconf 85' lang='lat' dir='ltr'>Non</span> <span class='ocrx_word' id='word_1_369' title='bbox 1493 1750 1542 1774; x_wconf 84' lang='lat' dir='ltr'>est</span> <span class='ocrx_word' id='word_1_370' title='bbox 1571 1745 1711 1776; x_wconf 86' lang='lat' dir='ltr'>dubium</span> 
     </span>
     <span class='ocr_line' id='line_1_68' title="bbox 979 1787 1712 1828; baseline 0.001 -10"><span class='ocrx_word' id='word_1_371' title='bbox 979 1789 1058 1828; x_wconf 81' lang='lat' dir='ltr'>quin</span> <span class='ocrx_word' id='word_1_372' title='bbox 1069 1787 1120 1817; x_wconf 81' lang='lat' dir='ltr'>ille</span> <span class='ocrx_word' id='word_1_373' title='bbox 1134 1788 1193 1818; x_wconf 89' lang='lat' dir='ltr'>Cn.</span> <span class='ocrx_word' id='word_1_374' title='bbox 1201 1787 1366 1824; x_wconf 72' lang='lat' dir='ltr'>Pompeius</span> <span class='ocrx_word' id='word_1_375' title='bbox 1378 1787 1459 1817; x_wconf 84' lang='lat' dir='ltr'>alius</span> <span class='ocrx_word' id='word_1_376' title='bbox 1469 1788 1510 1817; x_wconf 82' lang='lat' dir='ltr'>sit</span> <span class='ocrx_word' id='word_1_377' title='bbox 1523 1798 1540 1817; x_wconf 83' lang='lat' dir='ltr'>a</span> <span class='ocrx_word' id='word_1_378' title='bbox 1553 1789 1712 1828; x_wconf 80' lang='lat' dir='ltr'>Pompeio</span> 
     </span>
     <span class='ocr_line' id='line_1_69' title="bbox 980 1830 1712 1880; baseline 0.003 -20"><span class='ocrx_word' id='word_1_379' title='bbox 980 1832 1112 1870; x_wconf 72' lang='lat' dir='ltr'>Magno,</span> <span class='ocrx_word' id='word_1_380' title='bbox 1134 1840 1237 1880; x_wconf 84' lang='lat' dir='ltr'>neque</span> <span class='ocrx_word' id='word_1_381' title='bbox 1259 1830 1346 1859; x_wconf 86' lang='lat' dir='ltr'>enim</span> <span class='ocrx_word' id='word_1_382' title='bbox 1373 1830 1510 1878; x_wconf 79' lang='lat' dir='ltr'>Magnus</span> <span class='ocrx_word' id='word_1_383' title='bbox 1535 1831 1712 1871; x_wconf 77' lang='lat' dir='ltr'>Pompeius</span> 
     </span>
     <span class='ocr_line' id='line_1_70' title="bbox 980 1870 1709 1911; baseline 0.001 -7"><span class='ocrx_word' id='word_1_384' title='bbox 980 1875 1062 1904; x_wconf 84' lang='lat' dir='ltr'>suit</span> <span class='ocrx_word' id='word_1_385' title='bbox 1055 1884 1088 1903; x_wconf 79' lang='lat' dir='ltr'>in</span> <span class='ocrx_word' id='word_1_386' title='bbox 1108 1871 1167 1903; x_wconf 87' lang='lat' dir='ltr'>hac</span> <span class='ocrx_word' id='word_1_387' title='bbox 1181 1870 1275 1903; x_wconf 58' lang='lat' dir='ltr'>causa</span> <span class='ocrx_word' id='word_1_388' title='bbox 1287 1871 1395 1909; x_wconf 77' lang='lat' dir='ltr'>judex,</span> <span class='ocrx_word' id='word_1_389' title='bbox 1406 1874 1481 1911; x_wconf 87' lang='lat' dir='ltr'>quia</span> <span class='ocrx_word' id='word_1_390' title='bbox 1496 1880 1566 1903; x_wconf 80' lang='lat' dir='ltr'>tum</span> <span class='ocrx_word' id='word_1_391' title='bbox 1585 1873 1709 1905; x_wconf 80' lang='lat' dir='ltr'>Consul</span> 
     </span>
     <span class='ocr_line' id='line_1_71' title="bbox 979 1915 1710 1955; baseline 0.001 -8"><span class='ocrx_word' id='word_1_392' title='bbox 979 1924 1055 1947; x_wconf 78' lang='lat' dir='ltr'>erat.</span> <span class='ocrx_word' id='word_1_393' title='bbox 1081 1917 1150 1947; x_wconf 77' lang='lat' dir='ltr'>Nisi</span> <span class='ocrx_word' id='word_1_394' title='bbox 1165 1917 1244 1946; x_wconf 75' lang='lat' dir='ltr'>forte</span> <span class='ocrx_word' id='word_1_395' title='bbox 1260 1915 1298 1954; x_wconf 99' lang='lat' dir='ltr'>Q</span> <span class='ocrx_word' id='word_1_396' title='bbox 1315 1916 1498 1954; x_wconf 79' lang='lat' dir='ltr'>Pompeius,</span> <span class='ocrx_word' id='word_1_397' title='bbox 1516 1925 1626 1955; x_wconf 77' lang='lat' dir='ltr'>quem,</span> <span class='ocrx_word' id='word_1_398' title='bbox 1630 1916 1710 1948; x_wconf 72' lang='lat' dir='ltr'>licet</span> 
     </span>
     <span class='ocr_line' id='line_1_72' title="bbox 981 1957 1708 1997; baseline 0.003 -8"><span class='ocrx_word' id='word_1_399' title='bbox 981 1960 1130 1990; x_wconf 84' lang='lat' dir='ltr'>Milonis</span> <span class='ocrx_word' id='word_1_400' title='bbox 1124 1959 1306 1995; x_wconf 81' lang='lat' dir='ltr'>inimicum,</span> <span class='ocrx_word' id='word_1_401' title='bbox 1317 1957 1453 1997; x_wconf 78' lang='lat' dir='ltr'>appellat</span> <span class='ocrx_word' id='word_1_402' title='bbox 1465 1965 1501 1988; x_wconf 87' lang='lat' dir='ltr'>ut</span> <span class='ocrx_word' id='word_1_403' title='bbox 1515 1960 1618 1989; x_wconf 79' lang='lat' dir='ltr'>eidem</span> <span class='ocrx_word' id='word_1_404' title='bbox 1630 1969 1708 1991; x_wconf 88' lang='lat' dir='ltr'>eum</span> 
     </span>
     <span class='ocr_line' id='line_1_73' title="bbox 980 1999 1705 2043; baseline 0.003 -11"><span class='ocrx_word' id='word_1_405' title='bbox 980 2003 1148 2033; x_wconf 83' lang='lat' dir='ltr'>devinciat.</span> <span class='ocrx_word' id='word_1_406' title='bbox 1185 1999 1261 2042; x_wconf 82' lang='lat' dir='ltr'>[Sed</span> <span class='ocrx_word' id='word_1_407' title='bbox 1284 2001 1337 2031; x_wconf 87' lang='lat' dir='ltr'>alii</span> <span class='ocrx_word' id='word_1_408' title='bbox 1365 2000 1479 2032; x_wconf 75' lang='lat' dir='ltr'>rectius</span> <span class='ocrx_word' id='word_1_409' title='bbox 1494 2010 1655 2043; x_wconf 83' lang='lat' dir='ltr'>reponunt</span> <span class='ocrx_word' id='word_1_410' title='bbox 1669 2002 1705 2034; x_wconf 70' lang='grc' dir='ltr'>Ω.</span> 
     </span>
     <span class='ocr_line' id='line_1_74' title="bbox 975 2041 1527 2085; baseline -0.004 -11"><span class='ocrx_word' id='word_1_411' title='bbox 975 2045 1110 2082; x_wconf 78' lang='lat' dir='ltr'>Varium,</span> <span class='ocrx_word' id='word_1_412' title='bbox 1125 2054 1182 2084; x_wconf 86' lang='lat' dir='ltr'>pro</span> <span class='ocrx_word' id='word_1_413' title='bbox 1198 2047 1249 2075; x_wconf 78' lang='lat'>(¹⁷1.</span> <span class='ocrx_word' id='word_1_414' title='bbox 1262 2043 1432 2081; x_wconf 70' lang='lat' dir='ltr'>Pompeium</span> <span class='ocrx_word' id='word_1_415' title='bbox 1436 2041 1453 2085; x_wconf 80' lang='lat' dir='ltr'>J</span> <span class='ocrx_word' id='word_1_416' title='bbox 1525 2061 1527 2063; x_wconf 88' lang='lat'>·</span> 
     </span>
    </p>

    <p class='ocr_par' dir='ltr' id='par_1_31' title="bbox 974 2085 1709 2290">
     <span class='ocr_line' id='line_1_75' title="bbox 1019 2085 1708 2127; baseline 0 -9"><span class='ocrx_word' id='word_1_417' title='bbox 1019 2089 1069 2118; x_wconf 75' lang='lat'>31.</span> <span class='ocrx_word' id='word_1_418' title='bbox 1087 2087 1276 2127; x_wconf 66' lang='grc' dir='ltr'>Βεεεφηρεάιε.</span> <span class='ocrx_word' id='word_1_419' title='bbox 1283 2087 1296 2124; x_wconf 95' lang='grc'>]</span> <span class='ocrx_word' id='word_1_420' title='bbox 1313 2087 1513 2126; x_wconf 77' lang='lat' dir='ltr'>Decempeda</span> <span class='ocrx_word' id='word_1_421' title='bbox 1525 2085 1645 2126; x_wconf 52' lang='lat' dir='ltr'>propri&amp;</span> <span class='ocrx_word' id='word_1_422' title='bbox 1660 2087 1708 2118; x_wconf 86' lang='lat' dir='ltr'>di-</span> 
     </span>
     <span class='ocr_line' id='line_1_76' title="bbox 976 2129 1709 2170; baseline 0.001 -11"><span class='ocrx_word' id='word_1_423' title='bbox 976 2131 1059 2160; x_wconf 88' lang='lat' dir='ltr'>citur</span> <span class='ocrx_word' id='word_1_424' title='bbox 1080 2131 1155 2169; x_wconf 72' lang='lat' dir='ltr'>perti</span> <span class='ocrx_word' id='word_1_425' title='bbox 1159 2140 1195 2160; x_wconf 90' lang='lat' dir='ltr'>ca</span> <span class='ocrx_word' id='word_1_426' title='bbox 1221 2131 1331 2160; x_wconf 84' lang='lat' dir='ltr'>decem</span> <span class='ocrx_word' id='word_1_427' title='bbox 1356 2129 1486 2169; x_wconf 80' lang='lat' dir='ltr'>pedibus</span> <span class='ocrx_word' id='word_1_428' title='bbox 1515 2129 1620 2168; x_wconf 78' lang='lat' dir='ltr'>long-a,</span> <span class='ocrx_word' id='word_1_429' title='bbox 1644 2140 1709 2170; x_wconf 80' lang='lat' dir='ltr'>qua</span> 
     </span>
     <span class='ocr_line' id='line_1_77' title="bbox 976 2171 1708 2221; baseline 0.001 -18"><span class='ocrx_word' id='word_1_430' title='bbox 976 2173 1150 2207; x_wconf 80' lang='lat' dir='ltr'>architecti,</span> <span class='ocrx_word' id='word_1_431' title='bbox 1178 2171 1269 2205; x_wconf 70' lang='lat' dir='ltr'>labri,</span> <span class='ocrx_word' id='word_1_432' title='bbox 1297 2181 1456 2202; x_wconf 68' lang='lat' dir='ltr'>menso-es</span> <span class='ocrx_word' id='word_1_433' title='bbox 1484 2181 1638 2221; x_wconf 70' lang='lat' dir='ltr'>agrorum</span> <span class='ocrx_word' id='word_1_434' title='bbox 1659 2173 1708 2204; x_wconf 83' lang='lat' dir='ltr'>uti</span> 
     </span>
     <span class='ocr_line' id='line_1_78' title="bbox 974 2215 1708 2256; baseline 0.001 -11"><span class='ocrx_word' id='word_1_435' title='bbox 974 2216 1095 2252; x_wconf 83' lang='lat' dir='ltr'>solent3</span> <span class='ocrx_word' id='word_1_436' title='bbox 1113 2215 1283 2254; x_wconf 78' lang='lat' dir='ltr'>aliquando</span> <span class='ocrx_word' id='word_1_437' title='bbox 1295 2215 1393 2244; x_wconf 87' lang='lat' dir='ltr'>etiam</span> <span class='ocrx_word' id='word_1_438' title='bbox 1409 2215 1548 2245; x_wconf 84' lang='lat' dir='ltr'>sumitur</span> <span class='ocrx_word' id='word_1_439' title='bbox 1561 2224 1616 2253; x_wconf 84' lang='lat' dir='ltr'>pro</span> <span class='ocrx_word' id='word_1_440' title='bbox 1632 2216 1708 2256; x_wconf 80' lang='lat' dir='ltr'>ipsis</span> 
     </span>
     <span class='ocr_line' id='line_1_79' title="bbox 975 2238 1705 2294; baseline 0.003 -6"><span class='ocrx_word' id='word_1_441' title='bbox 975 2238 1186 2294; x_wconf 81' lang='lat' dir='ltr'>mensoribus,</span> <span class='ocrx_word' id='word_1_442' title='bbox 1203 2264 1238 2287; x_wconf 88' lang='lat' dir='ltr'>ut</span> <span class='ocrx_word' id='word_1_443' title='bbox 1248 2255 1302 2287; x_wconf 73' lang='lat' dir='ltr'>hic</span> <span class='ocrx_word' id='word_1_444' title='bbox 1312 2258 1464 2287; x_wconf 86' lang='lat' dir='ltr'>Cicerone</span> <span class='ocrx_word' id='word_1_445' title='bbox 1477 2258 1600 2288; x_wconf 73' lang='lat' dir='ltr'>Videtur</span> <span class='ocrx_word' id='word_1_446' title='bbox 1608 2268 1705 2290; x_wconf 74' lang='lat' dir='ltr'>surm.</span> 
     </span>
    </p>

    <p class='ocr_par' dir='ltr' id='par_1_32' title="bbox 974 2299 1711 2758">
     <span class='ocr_line' id='line_1_80' title="bbox 1018 2299 1707 2338; baseline 0.003 -8.075"><span class='ocrx_word' id='word_1_447' title='bbox 1018 2303 1069 2331; x_wconf 62' lang='lat'>3²2.</span> <span class='ocrx_word' id='word_1_448' title='bbox 1081 2300 1150 2330; x_wconf 79' lang='lat' dir='ltr'>Jan</span> <span class='ocrx_word' id='word_1_449' title='bbox 1147 2299 1224 2330; x_wconf 86' lang='lat' dir='ltr'>culo</span> <span class='ocrx_word' id='word_1_450' title='bbox 1229 2300 1241 2338; x_wconf 93' lang='grc'>]</span> <span class='ocrx_word' id='word_1_451' title='bbox 1259 2299 1443 2330; x_wconf 72' lang='lat' dir='ltr'>Ianiculum</span> <span class='ocrx_word' id='word_1_452' title='bbox 1456 2301 1532 2330; x_wconf 85' lang='lat' dir='ltr'>urbs</span> <span class='ocrx_word' id='word_1_453' title='bbox 1546 2308 1611 2330; x_wconf 82' lang='lat' dir='ltr'>erat</span> <span class='ocrx_word' id='word_1_454' title='bbox 1626 2301 1707 2333; x_wconf 83' lang='lat' dir='ltr'>olim</span> 
     </span>
     <span class='ocr_line' id='line_1_81' title="bbox 974 2341 1711 2382; baseline 0.005 -9"><span class='ocrx_word' id='word_1_455' title='bbox 974 2343 1129 2375; x_wconf 81' lang='lat' dir='ltr'>Etruriae‘</span> <span class='ocrx_word' id='word_1_456' title='bbox 1123 2353 1155 2373; x_wconf 81' lang='lat' dir='ltr'>in</span> <span class='ocrx_word' id='word_1_457' title='bbox 1173 2341 1236 2382; x_wconf 78' lang='lat' dir='ltr'>ripa</span> <span class='ocrx_word' id='word_1_458' title='bbox 1247 2343 1388 2372; x_wconf 85' lang='lat' dir='ltr'>citeriore</span> <span class='ocrx_word' id='word_1_459' title='bbox 1400 2343 1540 2382; x_wconf 83' lang='lat' dir='ltr'>&#39;liberis;</span> <span class='ocrx_word' id='word_1_460' title='bbox 1569 2344 1613 2374; x_wconf 78' lang='lat' dir='ltr'>sic</span> <span class='ocrx_word' id='word_1_461' title='bbox 1623 2344 1711 2376; x_wconf 66' lang='lat' dir='ltr'>dicia</span> 
     </span>
     <span class='ocr_line' id='line_1_82' title="bbox 974 2384 1711 2427; baseline 0.003 -11"><span class='ocrx_word' id='word_1_462' title='bbox 974 2396 1011 2417; x_wconf 84' lang='lat' dir='ltr'>ea</span> <span class='ocrx_word' id='word_1_463' title='bbox 1026 2396 1098 2427; x_wconf 87' lang='lat' dir='ltr'>pars</span> <span class='ocrx_word' id='word_1_464' title='bbox 1115 2387 1212 2422; x_wconf 43' lang='lat' dir='ltr'>urbia</span> <span class='ocrx_word' id='word_1_465' title='bbox 1225 2385 1312 2424; x_wconf 80' lang='lat' dir='ltr'>quod</span> <span class='ocrx_word' id='word_1_466' title='bbox 1337 2384 1355 2414; x_wconf 68' lang='lat' dir='ltr'>:i</span> <span class='ocrx_word' id='word_1_467' title='bbox 1381 2385 1461 2415; x_wconf 84' lang='lat' dir='ltr'>Jano</span> <span class='ocrx_word' id='word_1_468' title='bbox 1484 2387 1711 2427; x_wconf 82' lang='lat' dir='ltr'>antiquissimo</span> 
     </span>
     <span class='ocr_line' id='line_1_83' title="bbox 974 2427 1706 2464; baseline 0.003 -5"><span class='ocrx_word' id='word_1_469' title='bbox 974 2430 1072 2460; x_wconf 79' lang='lat' dir='ltr'>Italiae</span> <span class='ocrx_word' id='word_1_470' title='bbox 1088 2430 1155 2459; x_wconf 86' lang='lat' dir='ltr'>Deo</span> <span class='ocrx_word' id='word_1_471' title='bbox 1171 2430 1298 2459; x_wconf 81' lang='lat' dir='ltr'>condita</span> <span class='ocrx_word' id='word_1_472' title='bbox 1311 2429 1362 2464; x_wconf 85' lang='lat' dir='ltr'>sit,</span> <span class='ocrx_word' id='word_1_473' title='bbox 1373 2427 1447 2459; x_wconf 74' lang='lat' dir='ltr'>cum</span> <span class='ocrx_word' id='word_1_474' title='bbox 1465 2436 1563 2459; x_wconf 83' lang='lat' dir='ltr'>totam</span> <span class='ocrx_word' id='word_1_475' title='bbox 1580 2430 1706 2462; x_wconf 86' lang='lat' dir='ltr'>Italiam</span> 
     </span>
     <span class='ocr_line' id='line_1_84' title="bbox 974 2469 1708 2511; baseline 0 -8"><span class='ocrx_word' id='word_1_476' title='bbox 974 2482 1051 2503; x_wconf 87' lang='lat' dir='ltr'>cum</span> <span class='ocrx_word' id='word_1_477' title='bbox 1063 2473 1200 2502; x_wconf 81' lang='lat' dir='ltr'>Saturno</span> <span class='ocrx_word' id='word_1_478' title='bbox 1209 2469 1372 2505; x_wconf 86' lang='lat' dir='ltr'>divisisset,</span> <span class='ocrx_word' id='word_1_479' title='bbox 1389 2472 1446 2511; x_wconf 87' lang='lat' dir='ltr'>qui</span> <span class='ocrx_word' id='word_1_480' title='bbox 1470 2471 1551 2502; x_wconf 78' lang='lat' dir='ltr'>ultra</span> <span class='ocrx_word' id='word_1_481' title='bbox 1564 2472 1708 2505; x_wconf 84' lang='lat' dir='ltr'>Tiberim</span> 
     </span>
     <span class='ocr_line' id='line_1_85' title="bbox 974 2514 1708 2554; baseline 0.001 -9.029"><span class='ocrx_word' id='word_1_482' title='bbox 974 2516 1068 2545; x_wconf 74' lang='lat' dir='ltr'>etiam</span> <span class='ocrx_word' id='word_1_483' title='bbox 1087 2515 1198 2544; x_wconf 84' lang='lat' dir='ltr'>urbem</span> <span class='ocrx_word' id='word_1_484' title='bbox 1215 2514 1393 2551; x_wconf 73' lang='lat' dir='ltr'>a’dificavit,</span> <span class='ocrx_word' id='word_1_485' title='bbox 1407 2524 1476 2554; x_wconf 83' lang='lat' dir='ltr'>quae</span> <span class='ocrx_word' id='word_1_486' title='bbox 1491 2515 1531 2545; x_wconf 88' lang='lat' dir='ltr'>ab</span> <span class='ocrx_word' id='word_1_487' title='bbox 1546 2525 1584 2545; x_wconf 84' lang='lat' dir='ltr'>eo</span> <span class='ocrx_word' id='word_1_488' title='bbox 1599 2515 1708 2546; x_wconf 84' lang='lat' dir='ltr'>Satur·</span> 
     </span>
     <span class='ocr_line' id='line_1_86' title="bbox 975 2557 1706 2597; baseline 0.001 -9"><span class='ocrx_word' id='word_1_489' title='bbox 975 2559 1027 2588; x_wconf 81' lang='lat' dir='ltr'>nia</span> <span class='ocrx_word' id='word_1_490' title='bbox 1050 2558 1133 2588; x_wconf 90' lang='lat' dir='ltr'>dicta</span> <span class='ocrx_word' id='word_1_491' title='bbox 1152 2566 1208 2593; x_wconf 84' lang='lat' dir='ltr'>est,</span> <span class='ocrx_word' id='word_1_492' title='bbox 1235 2564 1272 2586; x_wconf 90' lang='lat' dir='ltr'>ut</span> <span class='ocrx_word' id='word_1_493' title='bbox 1296 2566 1334 2586; x_wconf 82' lang='lat' dir='ltr'>ex</span> <span class='ocrx_word' id='word_1_494' title='bbox 1350 2557 1437 2597; x_wconf 78' lang='lat' dir='ltr'>Virg.</span> <span class='ocrx_word' id='word_1_495' title='bbox 1451 2557 1505 2588; x_wconf 86' lang='lat' dir='ltr'>lib.</span> <span class='ocrx_word' id='word_1_496' title='bbox 1524 2560 1555 2588; x_wconf 89' lang='lat'>8.</span> <span class='ocrx_word' id='word_1_497' title='bbox 1575 2557 1706 2589; x_wconf 84' lang='lat' dir='ltr'>AEneid.</span> 
     </span>
     <span class='ocr_line' id='line_1_87' title="bbox 975 2599 1707 2638; baseline 0 -7"><span class='ocrx_word' id='word_1_498' title='bbox 975 2601 1148 2637; x_wconf 78' lang='lat' dir='ltr'>habemus3</span> <span class='ocrx_word' id='word_1_499' title='bbox 1176 2599 1245 2630; x_wconf 81' lang='lat' dir='ltr'>vult</span> <span class='ocrx_word' id='word_1_500' title='bbox 1269 2606 1376 2630; x_wconf 87' lang='lat' dir='ltr'>autem</span> <span class='ocrx_word' id='word_1_501' title='bbox 1415 2601 1552 2630; x_wconf 83' lang='lat' dir='ltr'>indicare</span> <span class='ocrx_word' id='word_1_502' title='bbox 1584 2600 1707 2638; x_wconf 84' lang='lat' dir='ltr'>Cicero,</span> 
     </span>
     <span class='ocr_line' id='line_1_88' title="bbox 976 2641 1705 2682; baseline 0.001 -9"><span class='ocrx_word' id='word_1_503' title='bbox 976 2643 1063 2682; x_wconf 77' lang='lat' dir='ltr'>quod</span> <span class='ocrx_word' id='word_1_504' title='bbox 1077 2641 1095 2672; x_wconf 71' lang='grc' dir='ltr'>εὶ</span> <span class='ocrx_word' id='word_1_505' title='bbox 1110 2643 1257 2673; x_wconf 88' lang='lat' dir='ltr'>Janiculo</span> <span class='ocrx_word' id='word_1_506' title='bbox 1273 2643 1337 2672; x_wconf 82' lang='lat' dir='ltr'>sive</span> <span class='ocrx_word' id='word_1_507' title='bbox 1363 2641 1468 2674; x_wconf 68' lang='lat' dir='ltr'>Romi</span> <span class='ocrx_word' id='word_1_508' title='bbox 1497 2643 1537 2673; x_wconf 84' lang='lat' dir='ltr'>ad</span> <span class='ocrx_word' id='word_1_509' title='bbox 1563 2642 1705 2674; x_wconf 77' lang='lat' dir='ltr'>Galliam</span> 
     </span>
     <span class='ocr_line' id='line_1_89' title="bbox 974 2685 1706 2725; baseline 0.001 -10"><span class='ocrx_word' id='word_1_510' title='bbox 974 2695 1076 2724; x_wconf 79' lang='lat' dir='ltr'>usque</span> <span class='ocrx_word' id='word_1_511' title='bbox 1091 2695 1204 2716; x_wconf 84' lang='lat' dir='ltr'>ornnes</span> <span class='ocrx_word' id='word_1_512' title='bbox 1233 2685 1443 2725; x_wconf 78' lang='lat' dir='ltr'>possessiones</span> <span class='ocrx_word' id='word_1_513' title='bbox 1471 2686 1621 2716; x_wconf 81' lang='lat' dir='ltr'>vindicari</span> <span class='ocrx_word' id='word_1_514' title='bbox 1646 2685 1706 2716; x_wconf 68' lang='lat' dir='ltr'>sibi</span> 
     </span>
     <span class='ocr_line' id='line_1_90' title="bbox 974 2728 1119 2758; baseline 0 0"><span class='ocrx_word' id='word_1_515' title='bbox 974 2728 1119 2758; x_wconf 83' lang='lat' dir='ltr'>voluerit</span> 
     </span>
    </p>

    <p class='ocr_par' dir='ltr' id='par_1_33' title="bbox 1018 2767 1707 2812">
     <span class='ocr_line' id='line_1_91' title="bbox 1018 2767 1707 2812; baseline 0.006 -13"><span class='ocrx_word' id='word_1_516' title='bbox 1018 2770 1064 2801; x_wconf 87' lang='lat' dir='ltr'>lb.</span> <span class='ocrx_word' id='word_1_517' title='bbox 1082 2770 1215 2810; x_wconf 79' lang='lat' dir='ltr'>Alpibus.</span> <span class='ocrx_word' id='word_1_518' title='bbox 1218 2769 1234 2812; x_wconf 80' lang='lat'><em>]</em></span> <span class='ocrx_word' id='word_1_519' title='bbox 1253 2771 1310 2802; x_wconf 81' lang='lat' dir='ltr'>His</span> <span class='ocrx_word' id='word_1_520' title='bbox 1321 2771 1486 2805; x_wconf 81' lang='lat' dir='ltr'>montibus</span> <span class='ocrx_word' id='word_1_521' title='bbox 1497 2767 1612 2801; x_wconf 71' lang='lat' dir='ltr'>ltalia·</span> <span class='ocrx_word' id='word_1_522' title='bbox 1595 2780 1615 2801; x_wconf 82' lang='lat' dir='ltr'>a</span> <span class='ocrx_word' id='word_1_523' title='bbox 1626 2769 1707 2803; x_wconf 81' lang='lat' dir='ltr'>Gal·</span> 
     </span>
    </p>

    <p class='ocr_par' dir='ltr' id='par_1_34' title="bbox 974 2811 1197 2854">
     <span class='ocr_line' id='line_1_92' title="bbox 974 2811 1197 2854; baseline 0.005 -11"><span class='ocrx_word' id='word_1_524' title='bbox 974 2811 1014 2844; x_wconf 60' lang='lat' dir='ltr'>lis</span> <span class='ocrx_word' id='word_1_525' title='bbox 1028 2821 1197 2854; x_wconf 79' lang='lat' dir='ltr'>separatur</span> 
     </span>
    </p>
   </div>
   <div class='ocr_carea' id='block_1_24' title="bbox 1413 2915 1706 2970">
    <p class='ocr_par' dir='ltr' id='par_1_35' title="bbox 1413 2915 1706 2970">
     <span class='ocr_line' id='line_1_93' title="bbox 1413 2915 1706 2970; baseline 0 -12"><span class='ocrx_word' id='word_1_526' title='bbox 1413 2915 1706 2970; x_wconf 83' lang='lat' dir='ltr'>possessionum</span> 
     </span>
    </p>
   </div>
   <div class='ocr_carea' id='block_1_25' title="bbox 1828 661 1872 3140">
    <p class='ocr_par' dir='ltr' id='par_1_36' title="bbox 1828 661 1872 3140">
     <span class='ocr_line' id='line_1_94' title="bbox 1828 661 1872 3140; baseline 0 0"><span class='ocrx_word' id='word_1_527' title='bbox 1828 661 1872 3140; x_wconf 95' lang='lat' dir='ltr'> </span> 
     </span>
    </p>
   </div>
  </div>
 </body>
</html>
