<?xml version="1.0" encoding="UTF-8"?>
<!DOCTYPE html PUBLIC "-//W3C//DTD XHTML 1.0 Transitional//EN"
    "http://www.w3.org/TR/xhtml1/DTD/xhtml1-transitional.dtd">
<html xmlns="http://www.w3.org/1999/xhtml" xml:lang="en" lang="en">
 <head>
  <title>
</title>
<meta http-equiv="Content-Type" content="text/html;charset=utf-8" />
  <meta name='ocr-system' content='tesseract 3.04.00' />
  <meta name='ocr-capabilities' content='ocr_page ocr_carea ocr_par ocr_line ocrx_word'/>
</head>
<body>
  <div class='ocr_page' id='page_1' title='image "./orationesquaedam00ciceuoft/orationesquaedam00ciceuoft_0053.png"; bbox 0 0 1872 3135; ppageno 0'>
   <div class='ocr_carea' id='block_1_1' title="bbox 488 124 1278 171">
    <p class='ocr_par' dir='ltr' id='par_1_1' title="bbox 488 124 1278 171">
     <span class='ocr_line' id='line_1_1' title="bbox 488 124 1278 171; baseline -0.004 0"><span class='ocrx_word' id='word_1_1' title='bbox 488 125 710 171; x_wconf 79' lang='lat' dir='ltr'>ORATIO</span> <span class='ocrx_word' id='word_1_2' title='bbox 743 127 812 169; x_wconf 82' lang='lat' dir='ltr'>IN</span> <span class='ocrx_word' id='word_1_3' title='bbox 844 125 903 169; x_wconf 75' lang='lat' dir='ltr'>Q.</span> <span class='ocrx_word' id='word_1_4' title='bbox 938 124 1278 168; x_wconf 70' lang='lat' dir='ltr'>CAECiLtUM.</span> 
     </span>
    </p>
   </div>
   <div class='ocr_carea' id='block_1_2' title="bbox 117 235 1720 587">
    <p class='ocr_par' dir='ltr' id='par_1_2' title="bbox 117 235 1720 587">
     <span class='ocr_line' id='line_1_2' title="bbox 119 235 1651 299; baseline -0.003 -13"><span class='ocrx_word' id='word_1_5' title='bbox 119 253 204 286; x_wconf 83' lang='lat' dir='ltr'>tam</span> <span class='ocrx_word' id='word_1_6' title='bbox 242 241 470 299; x_wconf 85' lang='lat' dir='ltr'>unicuique</span> <span class='ocrx_word' id='word_1_7' title='bbox 487 239 679 283; x_wconf 85' lang='lat' dir='ltr'>tabellam</span> <span class='ocrx_word' id='word_1_8' title='bbox 702 240 787 282; x_wconf 84' lang='lat' dir='ltr'>dari</span> <span class='ocrx_word' id='word_1_9' title='bbox 810 243 902 281; x_wconf 58' lang='lat' dir='ltr'>cera</span> <span class='ocrx_word' id='word_1_10' title='bbox 918 240 1121 297; x_wconf 63' lang='lat' dir='ltr'>legitimi-fi,</span> <span class='ocrx_word' id='word_1_11' title='bbox 1143 255 1229 282; x_wconf 90' lang='lat' dir='ltr'>non</span> <span class='ocrx_word' id='word_1_12' title='bbox 1251 239 1320 282; x_wconf 70' lang='lat' dir='ltr'>ill-:³</span> <span class='ocrx_word' id='word_1_13' title='bbox 1340 235 1487 282; x_wconf 55' lang='lat' dir='ltr'>infami</span> <span class='ocrx_word' id='word_1_14' title='bbox 1511 255 1556 282; x_wconf 87' lang='lat' dir='ltr'>ac</span> <span class='ocrx_word' id='word_1_15' title='bbox 1576 254 1651 282; x_wconf 67' lang='lat' dir='ltr'>ne-</span> 
     </span>
     <span class='ocr_line' id='line_1_3' title="bbox 120 297 1651 356; baseline -0.001 -14"><span class='ocrx_word' id='word_1_16' title='bbox 120 301 236 343; x_wconf 67' lang='lat' dir='ltr'>fari—21.</span> <span class='ocrx_word' id='word_1_17' title='bbox 299 301 440 356; x_wconf 81' lang='lat' dir='ltr'><strong>Atque</strong></span> <span class='ocrx_word' id='word_1_18' title='bbox 468 299 502 340; x_wconf 89' lang='lat' dir='ltr'>is</span> <span class='ocrx_word' id='word_1_19' title='bbox 533 313 618 339; x_wconf 90' lang='lat' dir='ltr'>non</span> <span class='ocrx_word' id='word_1_20' title='bbox 650 308 736 339; x_wconf 82' lang='lat' dir='ltr'>tam</span> <span class='ocrx_word' id='word_1_21' title='bbox 776 310 940 354; x_wconf 80' lang='lat' dir='ltr'>propter</span> <span class='ocrx_word' id='word_1_22' title='bbox 970 300 1141 340; x_wconf 75' lang='lat' dir='ltr'>Verrem</span> <span class='ocrx_word' id='word_1_23' title='bbox 1173 297 1347 349; x_wconf 83' lang='lat' dir='ltr'>laborat,</span> <span class='ocrx_word' id='word_1_24' title='bbox 1380 301 1507 355; x_wconf 71' lang='lat' dir='ltr'>quain</span> <span class='ocrx_word' id='word_1_25' title='bbox 1540 299 1651 353; x_wconf 82' lang='lat' dir='ltr'>quod</span> 
     </span>
     <span class='ocr_line' id='line_1_4' title="bbox 117 355 1648 411; baseline -0.003 -11"><span class='ocrx_word' id='word_1_26' title='bbox 117 373 215 400; x_wconf 85' lang='lat' dir='ltr'>eum</span> <span class='ocrx_word' id='word_1_27' title='bbox 237 357 412 399; x_wconf 67' lang='lat' dir='ltr'>minimi²</span> <span class='ocrx_word' id='word_1_28' title='bbox 439 371 499 398; x_wconf 89' lang='lat' dir='ltr'>res</span> <span class='ocrx_word' id='word_1_29' title='bbox 519 366 605 397; x_wconf 81' lang='lat' dir='ltr'>tota</span> <span class='ocrx_word' id='word_1_30' title='bbox 623 355 809 396; x_wconf 79' lang='lat' dir='ltr'>delectat.</span> <span class='ocrx_word' id='word_1_31' title='bbox 868 356 994 397; x_wconf 79' lang='lat' dir='ltr'>Videt</span> <span class='ocrx_word' id='word_1_32' title='bbox 1014 356 1127 397; x_wconf 89' lang='lat' dir='ltr'>enim</span> <span class='ocrx_word' id='word_1_33' title='bbox 1160 355 1191 397; x_wconf 85' lang='lat' dir='ltr'>si</span> <span class='ocrx_word' id='word_1_34' title='bbox 1213 357 1238 397; x_wconf 71' lang='lat' dir='ltr'>a</span> <span class='ocrx_word' id='word_1_35' title='bbox 1259 355 1396 411; x_wconf 83' lang='lat' dir='ltr'>pueris</span> <span class='ocrx_word' id='word_1_36' title='bbox 1419 355 1648 408; x_wconf 86' lang='lat' dir='ltr'>nobilibus,</span> 
     </span>
     <span class='ocr_line' id='line_1_5' title="bbox 120 412 1720 472; baseline -0.001 -16"><span class='ocrx_word' id='word_1_37' title='bbox 120 431 224 472; x_wconf 84' lang='lat' dir='ltr'>quos</span> <span class='ocrx_word' id='word_1_38' title='bbox 239 417 372 457; x_wconf 80' lang='lat' dir='ltr'>adbuc</span> <span class='ocrx_word' id='word_1_39' title='bbox 386 413 520 464; x_wconf 87' lang='lat' dir='ltr'>elusit,</span> <span class='ocrx_word' id='word_1_40' title='bbox 544 413 575 455; x_wconf 86' lang='lat' dir='ltr'>si</span> <span class='ocrx_word' id='word_1_41' title='bbox 594 414 617 454; x_wconf 71' lang='lat' dir='ltr'>a</span> <span class='ocrx_word' id='word_1_42' title='bbox 635 412 1038 470; x_wconf 74' lang='lat' dir='ltr'>quadruplatoribus,</span> <span class='ocrx_word' id='word_1_43' title='bbox 1062 428 1166 470; x_wconf 86' lang='lat' dir='ltr'>quos</span> <span class='ocrx_word' id='word_1_44' title='bbox 1185 428 1270 454; x_wconf 88' lang='lat' dir='ltr'>non</span> <span class='ocrx_word' id='word_1_45' title='bbox 1294 413 1381 455; x_wconf 85' lang='lat' dir='ltr'>sine</span> <span class='ocrx_word' id='word_1_46' title='bbox 1397 414 1523 454; x_wconf 54' lang='lat' dir='ltr'>causa</span> <span class='ocrx_word' id='word_1_47' title='bbox 1545 428 1648 454; x_wconf 91' lang='lat' dir='ltr'>con-</span> <span class='ocrx_word' id='word_1_48' title='bbox 1667 419 1720 455; x_wconf 75' lang='lat'>2⁵</span> 
     </span>
     <span class='ocr_line' id='line_1_6' title="bbox 121 470 1652 529; baseline -0.001 -15"><span class='ocrx_word' id='word_1_49' title='bbox 121 472 288 529; x_wconf 77' lang='lat' dir='ltr'>tempsit</span> <span class='ocrx_word' id='word_1_50' title='bbox 309 487 484 527; x_wconf 82' lang='lat' dir='ltr'>semper,</span> <span class='ocrx_word' id='word_1_51' title='bbox 507 486 553 512; x_wconf 89' lang='lat' dir='ltr'>ac</span> <span class='ocrx_word' id='word_1_52' title='bbox 573 486 646 527; x_wconf 87' lang='lat' dir='ltr'>pro</span> <span class='ocrx_word' id='word_1_53' title='bbox 668 470 803 513; x_wconf 80' lang='lat' dir='ltr'>nihilo</span> <span class='ocrx_word' id='word_1_54' title='bbox 825 470 998 526; x_wconf 85' lang='lat' dir='ltr'>putavit,</span> <span class='ocrx_word' id='word_1_55' title='bbox 1021 471 1242 512; x_wconf 84' lang='lat' dir='ltr'>accusandi</span> <span class='ocrx_word' id='word_1_56' title='bbox 1265 471 1452 512; x_wconf 79' lang='lat' dir='ltr'>voluntas</span> <span class='ocrx_word' id='word_1_57' title='bbox 1473 470 1522 512; x_wconf 89' lang='lat' dir='ltr'>ad</span> <span class='ocrx_word' id='word_1_58' title='bbox 1544 470 1652 512; x_wconf 90' lang='lat' dir='ltr'>viros</span> 
     </span>
     <span class='ocr_line' id='line_1_7' title="bbox 120 527 1654 587; baseline -0.001 -15"><span class='ocrx_word' id='word_1_59' title='bbox 120 529 258 572; x_wconf 83' lang='lat' dir='ltr'>forteis</span> <span class='ocrx_word' id='word_1_60' title='bbox 290 539 575 587; x_wconf 80' lang='lat' dir='ltr'>spectatosque</span> <span class='ocrx_word' id='word_1_61' title='bbox 605 528 796 571; x_wconf 85' lang='lat' dir='ltr'>homines</span> <span class='ocrx_word' id='word_1_62' title='bbox 828 528 1021 571; x_wconf 73' lang='lat' dir='ltr'>translata</span> <span class='ocrx_word' id='word_1_63' title='bbox 1042 528 1110 580; x_wconf 88' lang='lat' dir='ltr'>sit,</span> <span class='ocrx_word' id='word_1_64' title='bbox 1135 544 1174 569; x_wconf 80' lang='lat' dir='ltr'>se</span> <span class='ocrx_word' id='word_1_65' title='bbox 1197 527 1425 586; x_wconf 77' lang='lat' dir='ltr'>injudiciis</span> <span class='ocrx_word' id='word_1_66' title='bbox 1445 528 1654 571; x_wconf 85' lang='lat' dir='ltr'>dominari</span> 
     </span>
    </p>
   </div>
   <div class='ocr_carea' id='block_1_3' title="bbox 121 603 358 641">
    <p class='ocr_par' dir='ltr' id='par_1_3' title="bbox 121 603 358 641">
     <span class='ocr_line' id='line_1_8' title="bbox 121 603 358 641; baseline -0.004 -11"><span class='ocrx_word' id='word_1_67' title='bbox 121 603 207 630; x_wconf 87' lang='lat' dir='ltr'>non</span> <span class='ocrx_word' id='word_1_68' title='bbox 226 603 358 641; x_wconf 77' lang='lat' dir='ltr'>posse.</span> 
     </span>
    </p>
   </div>
   <div class='ocr_carea' id='block_1_4' title="bbox 117 641 1721 1162">
    <p class='ocr_par' dir='ltr' id='par_1_4' title="bbox 117 641 1721 1162">
     <span class='ocr_line' id='line_1_9' title="bbox 177 641 1650 701; baseline -0.001 -14"><span class='ocrx_word' id='word_1_69' title='bbox 177 646 278 687; x_wconf 81' lang='lat' dir='ltr'>VII.</span> <span class='ocrx_word' id='word_1_70' title='bbox 312 644 428 687; x_wconf 83' lang='lat' dir='ltr'>Huic</span> <span class='ocrx_word' id='word_1_71' title='bbox 462 659 537 701; x_wconf 80' lang='lat' dir='ltr'>ego</span> <span class='ocrx_word' id='word_1_72' title='bbox 568 642 732 684; x_wconf 85' lang='lat' dir='ltr'>homini</span> <span class='ocrx_word' id='word_1_73' title='bbox 758 642 849 698; x_wconf 88' lang='lat' dir='ltr'>jam</span> <span class='ocrx_word' id='word_1_74' title='bbox 885 645 981 683; x_wconf 73' lang='lat' dir='ltr'>ante</span> <span class='ocrx_word' id='word_1_75' title='bbox 1018 641 1234 694; x_wconf 84' lang='lat' dir='ltr'>denuntio,</span> <span class='ocrx_word' id='word_1_76' title='bbox 1272 642 1303 684; x_wconf 83' lang='lat' dir='ltr'>si</span> <span class='ocrx_word' id='word_1_77' title='bbox 1329 645 1354 686; x_wconf 73' lang='grc' dir='ltr'>ὲ.</span> <span class='ocrx_word' id='word_1_78' title='bbox 1386 659 1457 686; x_wconf 89' lang='lat' dir='ltr'>me</span> <span class='ocrx_word' id='word_1_79' title='bbox 1485 659 1650 687; x_wconf 86' lang='lat' dir='ltr'>causam</span> 
     </span>
     <span class='ocr_line' id='line_1_10' title="bbox 120 699 1652 759; baseline 0 -15"><span class='ocrx_word' id='word_1_80' title='bbox 120 704 228 744; x_wconf 88' lang='lat' dir='ltr'>hanc</span> <span class='ocrx_word' id='word_1_81' title='bbox 264 718 334 744; x_wconf 86' lang='lat' dir='ltr'>vos</span> <span class='ocrx_word' id='word_1_82' title='bbox 363 702 428 759; x_wconf 80' lang='lat' dir='ltr'>agi</span> <span class='ocrx_word' id='word_1_83' title='bbox 461 699 686 751; x_wconf 70' lang='lat' dir='ltr'>volueritis,</span> <span class='ocrx_word' id='word_1_84' title='bbox 719 699 919 741; x_wconf 84' lang='lat' dir='ltr'>rationem</span> <span class='ocrx_word' id='word_1_85' title='bbox 949 699 1008 740; x_wconf 85' lang='lat' dir='ltr'>illi</span> <span class='ocrx_word' id='word_1_86' title='bbox 1037 699 1278 741; x_wconf 82' lang='lat' dir='ltr'>defendendi</span> <span class='ocrx_word' id='word_1_87' title='bbox 1302 711 1430 742; x_wconf 87' lang='lat' dir='ltr'>totam</span> <span class='ocrx_word' id='word_1_88' title='bbox 1451 716 1537 743; x_wconf 88' lang='lat' dir='ltr'>esse</span> <span class='ocrx_word' id='word_1_89' title='bbox 1554 718 1652 744; x_wconf 88' lang='lat' dir='ltr'>mu-</span> 
     </span>
     <span class='ocr_line' id='line_1_11' title="bbox 121 756 1652 812; baseline 0.001 -11"><span class='ocrx_word' id='word_1_90' title='bbox 121 760 315 812; x_wconf 84' lang='lat' dir='ltr'>tandam3</span> <span class='ocrx_word' id='word_1_91' title='bbox 349 769 388 800; x_wconf 90' lang='lat' dir='ltr'>et</span> <span class='ocrx_word' id='word_1_92' title='bbox 408 759 463 801; x_wconf 86' lang='lat' dir='ltr'>ita</span> <span class='ocrx_word' id='word_1_93' title='bbox 482 768 622 800; x_wconf 88' lang='lat' dir='ltr'>tamen</span> <span class='ocrx_word' id='word_1_94' title='bbox 642 757 904 807; x_wconf 83' lang='lat' dir='ltr'>mutandam,</span> <span class='ocrx_word' id='word_1_95' title='bbox 928 767 974 799; x_wconf 90' lang='lat' dir='ltr'>ut</span> <span class='ocrx_word' id='word_1_96' title='bbox 1005 756 1172 798; x_wconf 88' lang='lat' dir='ltr'>meliore</span> <span class='ocrx_word' id='word_1_97' title='bbox 1203 767 1242 798; x_wconf 84' lang='lat' dir='ltr'>et</span> <span class='ocrx_word' id='word_1_98' title='bbox 1276 759 1514 800; x_wconf 80' lang='lat' dir='ltr'>honestiore</span> <span class='ocrx_word' id='word_1_99' title='bbox 1547 774 1652 802; x_wconf 90' lang='lat' dir='ltr'>con-</span> 
     </span>
     <span class='ocr_line' id='line_1_12' title="bbox 120 814 1657 872; baseline 0.001 -13"><span class='ocrx_word' id='word_1_100' title='bbox 120 816 275 859; x_wconf 88' lang='lat' dir='ltr'>ditione</span> <span class='ocrx_word' id='word_1_101' title='bbox 314 816 387 868; x_wconf 89' lang='lat' dir='ltr'>sit,</span> <span class='ocrx_word' id='word_1_102' title='bbox 428 818 556 872; x_wconf 72' lang='lat' dir='ltr'>quam</span> <span class='ocrx_word' id='word_1_103' title='bbox 589 816 675 871; x_wconf 61' lang='lat' dir='ltr'>qua</span> <span class='ocrx_word' id='word_1_104' title='bbox 712 814 799 870; x_wconf 90' lang='lat' dir='ltr'>ipse</span> <span class='ocrx_word' id='word_1_105' title='bbox 833 829 920 856; x_wconf 84' lang='lat' dir='ltr'>esse</span> <span class='ocrx_word' id='word_1_106' title='bbox 958 815 1069 856; x_wconf 87' lang='lat' dir='ltr'>vult:</span> <span class='ocrx_word' id='word_1_107' title='bbox 1104 824 1151 856; x_wconf 91' lang='lat' dir='ltr'>ut</span> <span class='ocrx_word' id='word_1_108' title='bbox 1170 814 1354 857; x_wconf 84' lang='lat' dir='ltr'>imitetur</span> <span class='ocrx_word' id='word_1_109' title='bbox 1373 816 1566 858; x_wconf 84' lang='lat' dir='ltr'>homines</span> <span class='ocrx_word' id='word_1_110' title='bbox 1585 833 1657 860; x_wconf 88' lang='lat' dir='ltr'>eos</span> 
     </span>
     <span class='ocr_line' id='line_1_13' title="bbox 121 871 1721 932; baseline 0.001 -16"><span class='ocrx_word' id='word_1_111' title='bbox 121 890 225 932; x_wconf 82' lang='lat' dir='ltr'>quos</span> <span class='ocrx_word' id='word_1_112' title='bbox 256 873 341 930; x_wconf 91' lang='lat' dir='ltr'>ipse</span> <span class='ocrx_word' id='word_1_113' title='bbox 378 873 479 915; x_wconf 83' lang='lat' dir='ltr'>vidit</span> <span class='ocrx_word' id='word_1_114' title='bbox 508 871 789 928; x_wconf 87' lang='lat' dir='ltr'>amplissimos</span> <span class='ocrx_word' id='word_1_115' title='bbox 808 873 860 914; x_wconf 92' lang='lat' dir='ltr'>L.</span> <span class='ocrx_word' id='word_1_116' title='bbox 887 872 1104 923; x_wconf 76' lang='lat' dir='ltr'>Crassum,</span> <span class='ocrx_word' id='word_1_117' title='bbox 1127 881 1167 914; x_wconf 88' lang='lat' dir='ltr'>et</span> <span class='ocrx_word' id='word_1_118' title='bbox 1187 874 1254 914; x_wconf 87' lang='lat' dir='ltr'>M.</span> <span class='ocrx_word' id='word_1_119' title='bbox 1277 873 1548 926; x_wconf 81' lang='lat' dir='ltr'>Antonium3</span> <span class='ocrx_word' id='word_1_120' title='bbox 1581 876 1653 932; x_wconf 87' lang='lat' dir='ltr'>qui</span> <span class='ocrx_word' id='word_1_121' title='bbox 1696 883 1721 918; x_wconf 72' lang='lat'><em>3</em></span> 
     </span>
     <span class='ocr_line' id='line_1_14' title="bbox 119 929 1658 987; baseline 0.001 -14"><span class='ocrx_word' id='word_1_122' title='bbox 119 931 226 974; x_wconf 89' lang='lat' dir='ltr'>nihil</span> <span class='ocrx_word' id='word_1_123' title='bbox 253 947 295 973; x_wconf 83' lang='lat' dir='ltr'>se</span> <span class='ocrx_word' id='word_1_124' title='bbox 330 930 632 973; x_wconf 80' lang='lat' dir='ltr'>arbitrabantur</span> <span class='ocrx_word' id='word_1_125' title='bbox 666 931 714 972; x_wconf 82' lang='lat' dir='ltr'>ad</span> <span class='ocrx_word' id='word_1_126' title='bbox 740 929 916 987; x_wconf 88' lang='lat' dir='ltr'>judicia,</span> <span class='ocrx_word' id='word_1_127' title='bbox 965 945 1190 987; x_wconf 78' lang='lat' dir='ltr'>causasque</span> <span class='ocrx_word' id='word_1_128' title='bbox 1229 930 1461 973; x_wconf 81' lang='lat' dir='ltr'>amicorum</span> <span class='ocrx_word' id='word_1_129' title='bbox 1507 944 1658 987; x_wconf 86' lang='lat' dir='ltr'>praeter</span> 
     </span>
     <span class='ocr_line' id='line_1_15' title="bbox 120 987 1652 1046; baseline 0.001 -15"><span class='ocrx_word' id='word_1_130' title='bbox 120 989 263 1039; x_wconf 83' lang='lat' dir='ltr'>fidem,</span> <span class='ocrx_word' id='word_1_131' title='bbox 282 998 321 1031; x_wconf 88' lang='lat' dir='ltr'>et</span> <span class='ocrx_word' id='word_1_132' title='bbox 334 987 551 1045; x_wconf 76' lang='lat' dir='ltr'>ingenium</span> <span class='ocrx_word' id='word_1_133' title='bbox 573 987 713 1029; x_wconf 83' lang='lat' dir='ltr'>afferre</span> <span class='ocrx_word' id='word_1_134' title='bbox 735 998 933 1044; x_wconf 89' lang='lat' dir='ltr'>oportere.</span> <span class='ocrx_word' id='word_1_135' title='bbox 966 987 1089 1030; x_wconf 85' lang='lat' dir='ltr'>Nihil</span> <span class='ocrx_word' id='word_1_136' title='bbox 1111 988 1202 1040; x_wconf 88' lang='lat' dir='ltr'>erit,</span> <span class='ocrx_word' id='word_1_137' title='bbox 1225 988 1354 1045; x_wconf 88' lang='lat' dir='ltr'>quod,</span> <span class='ocrx_word' id='word_1_138' title='bbox 1368 996 1384 1014; x_wconf 75' lang='lat'>²</span> <span class='ocrx_word' id='word_1_139' title='bbox 1404 1004 1471 1031; x_wconf 83' lang='lat' dir='ltr'>me</span> <span class='ocrx_word' id='word_1_140' title='bbox 1491 999 1652 1046; x_wconf 82' lang='lat' dir='ltr'>agente,</span> 
     </span>
     <span class='ocr_line' id='line_1_16' title="bbox 119 1045 1654 1103; baseline 0.001 -14"><span class='ocrx_word' id='word_1_141' title='bbox 119 1046 334 1090; x_wconf 82' lang='lat' dir='ltr'>arbitretur</span> <span class='ocrx_word' id='word_1_142' title='bbox 349 1045 551 1099; x_wconf 87' lang='lat' dir='ltr'>judicium</span> <span class='ocrx_word' id='word_1_143' title='bbox 574 1045 662 1087; x_wconf 88' lang='lat' dir='ltr'>sine</span> <span class='ocrx_word' id='word_1_144' title='bbox 691 1060 847 1102; x_wconf 80' lang='lat' dir='ltr'>magno</span> <span class='ocrx_word' id='word_1_145' title='bbox 872 1045 1101 1088; x_wconf 87' lang='lat' dir='ltr'>multorum</span> <span class='ocrx_word' id='word_1_146' title='bbox 1124 1046 1305 1102; x_wconf 86' lang='lat' dir='ltr'>periculo</span> <span class='ocrx_word' id='word_1_147' title='bbox 1326 1062 1444 1103; x_wconf 84' lang='lat' dir='ltr'>posse</span> <span class='ocrx_word' id='word_1_148' title='bbox 1463 1062 1654 1090; x_wconf 87' lang='lat' dir='ltr'>corrum-</span> 
     </span>
     <span class='ocr_line' id='line_1_17' title="bbox 117 1102 1653 1162; baseline 0.001 -16"><span class='ocrx_word' id='word_1_149' title='bbox 117 1103 178 1160; x_wconf 81' lang='lat' dir='ltr'>pi:</span> <span class='ocrx_word' id='word_1_150' title='bbox 238 1105 330 1162; x_wconf 83' lang='lat' dir='ltr'>Ego</span> <span class='ocrx_word' id='word_1_151' title='bbox 350 1103 395 1145; x_wconf 89' lang='lat' dir='ltr'>in</span> <span class='ocrx_word' id='word_1_152' title='bbox 415 1105 496 1146; x_wconf 90' lang='lat' dir='ltr'>hoc</span> <span class='ocrx_word' id='word_1_153' title='bbox 515 1102 677 1161; x_wconf 88' lang='lat' dir='ltr'>judicio</span> <span class='ocrx_word' id='word_1_154' title='bbox 696 1103 806 1145; x_wconf 79' lang='lat' dir='ltr'>mihi</span> <span class='ocrx_word' id='word_1_155' title='bbox 825 1103 1062 1145; x_wconf 85' lang='lat' dir='ltr'>Siculorum</span> <span class='ocrx_word' id='word_1_156' title='bbox 1085 1119 1251 1146; x_wconf 85' lang='lat' dir='ltr'>causam</span> <span class='ocrx_word' id='word_1_157' title='bbox 1275 1114 1496 1160; x_wconf 84' lang='lat' dir='ltr'>receptam,</span> <span class='ocrx_word' id='word_1_158' title='bbox 1511 1105 1653 1161; x_wconf 85' lang='lat' dir='ltr'>populi</span> 
     </span>
    </p>
   </div>
   <div class='ocr_carea' id='block_1_5' title="bbox 119 1160 1741 1219">
    <p class='ocr_par' dir='ltr' id='par_1_5' title="bbox 119 1160 1741 1219">
     <span class='ocr_line' id='line_1_18' title="bbox 119 1160 1741 1219; baseline 0.001 -15"><span class='ocrx_word' id='word_1_159' title='bbox 119 1163 242 1206; x_wconf 87' lang='lat' dir='ltr'>Rom.</span> <span class='ocrx_word' id='word_1_160' title='bbox 281 1170 514 1217; x_wconf 74' lang='lat' dir='ltr'>susceptam</span> <span class='ocrx_word' id='word_1_161' title='bbox 551 1176 638 1204; x_wconf 89' lang='lat' dir='ltr'>esse</span> <span class='ocrx_word' id='word_1_162' title='bbox 672 1160 875 1204; x_wconf 83' lang='lat' dir='ltr'>arbitror:</span> <span class='ocrx_word' id='word_1_163' title='bbox 908 1171 955 1202; x_wconf 88' lang='lat' dir='ltr'>ut</span> <span class='ocrx_word' id='word_1_164' title='bbox 981 1160 1088 1203; x_wconf 86' lang='lat' dir='ltr'>mihi</span> <span class='ocrx_word' id='word_1_165' title='bbox 1109 1177 1196 1203; x_wconf 89' lang='lat' dir='ltr'>non</span> <span class='ocrx_word' id='word_1_166' title='bbox 1216 1177 1325 1204; x_wconf 88' lang='lat' dir='ltr'>unus</span> <span class='ocrx_word' id='word_1_167' title='bbox 1345 1163 1474 1204; x_wconf 90' lang='lat' dir='ltr'>homo</span> <span class='ocrx_word' id='word_1_168' title='bbox 1495 1178 1650 1219; x_wconf 77' lang='lat' dir='ltr'>impro-</span> <span class='ocrx_word' id='word_1_169' title='bbox 1673 1172 1741 1208; x_wconf 77' lang='lat'>10-</span> 
     </span>
    </p>
   </div>
   <div class='ocr_carea' id='block_1_6' title="bbox 116 1218 1656 1336">
    <p class='ocr_par' dir='ltr' id='par_1_6' title="bbox 116 1218 1656 1336">
     <span class='ocr_line' id='line_1_19' title="bbox 117 1218 1656 1276; baseline 0.001 -14"><span class='ocrx_word' id='word_1_170' title='bbox 117 1219 199 1263; x_wconf 85' lang='lat' dir='ltr'>bus</span> <span class='ocrx_word' id='word_1_171' title='bbox 237 1219 534 1276; x_wconf 88' lang='lat' dir='ltr'>opprimendus</span> <span class='ocrx_word' id='word_1_172' title='bbox 569 1218 638 1271; x_wconf 82' lang='lat' dir='ltr'>sit,</span> <span class='ocrx_word' id='word_1_173' title='bbox 678 1218 719 1260; x_wconf 90' lang='lat' dir='ltr'>id</span> <span class='ocrx_word' id='word_1_174' title='bbox 751 1219 862 1276; x_wconf 89' lang='lat' dir='ltr'>quod</span> <span class='ocrx_word' id='word_1_175' title='bbox 896 1218 1026 1261; x_wconf 81' lang='lat' dir='ltr'>Siculi</span> <span class='ocrx_word' id='word_1_176' title='bbox 1069 1219 1328 1276; x_wconf 81' lang='lat' dir='ltr'>petiverunt3</span> <span class='ocrx_word' id='word_1_177' title='bbox 1379 1221 1446 1262; x_wconf 89' lang='lat' dir='ltr'>sed</span> <span class='ocrx_word' id='word_1_178' title='bbox 1478 1226 1656 1265; x_wconf 75' lang='lat' dir='ltr'>omnino</span> 
     </span>
     <span class='ocr_line' id='line_1_20' title="bbox 116 1276 1654 1336; baseline 0.001 -17"><span class='ocrx_word' id='word_1_179' title='bbox 116 1278 257 1319; x_wconf 68' lang='lat' dir='ltr'>omnis</span> <span class='ocrx_word' id='word_1_180' title='bbox 279 1277 541 1334; x_wconf 66' lang='lat' dir='ltr'>improbitas,</span> <span class='ocrx_word' id='word_1_181' title='bbox 565 1276 606 1318; x_wconf 84' lang='lat' dir='ltr'>id</span> <span class='ocrx_word' id='word_1_182' title='bbox 639 1277 750 1334; x_wconf 81' lang='lat' dir='ltr'>quod</span> <span class='ocrx_word' id='word_1_183' title='bbox 782 1276 959 1333; x_wconf 85' lang='lat' dir='ltr'>populus</span> <span class='ocrx_word' id='word_1_184' title='bbox 995 1279 1121 1320; x_wconf 89' lang='lat' dir='ltr'>Rom.</span> <span class='ocrx_word' id='word_1_185' title='bbox 1151 1279 1243 1335; x_wconf 89' lang='lat' dir='ltr'>jam</span> <span class='ocrx_word' id='word_1_186' title='bbox 1278 1278 1349 1320; x_wconf 90' lang='lat' dir='ltr'>diu</span> <span class='ocrx_word' id='word_1_187' title='bbox 1385 1278 1557 1336; x_wconf 83' lang='lat' dir='ltr'>flagitat,</span> <span class='ocrx_word' id='word_1_188' title='bbox 1580 1295 1654 1321; x_wconf 88' lang='lat' dir='ltr'>ex-</span> 
     </span>
    </p>
   </div>
   <div class='ocr_carea' id='block_1_7' title="bbox 117 1334 846 1394">
    <p class='ocr_par' dir='ltr' id='par_1_7' title="bbox 117 1334 846 1394">
     <span class='ocr_line' id='line_1_21' title="bbox 117 1334 846 1394; baseline -0.003 -16"><span class='ocrx_word' id='word_1_189' title='bbox 117 1334 363 1394; x_wconf 86' lang='lat' dir='ltr'>tinguenda,</span> <span class='ocrx_word' id='word_1_190' title='bbox 416 1346 540 1393; x_wconf 88' lang='lat' dir='ltr'>atque</span> <span class='ocrx_word' id='word_1_191' title='bbox 578 1335 749 1376; x_wconf 88' lang='lat' dir='ltr'>delenda</span> <span class='ocrx_word' id='word_1_192' title='bbox 781 1335 846 1377; x_wconf 87' lang='lat' dir='ltr'>sit.</span> 
     </span>
    </p>
   </div>
   <div class='ocr_carea' id='block_1_8' title="bbox 909 1336 1656 1394">
    <p class='ocr_par' dir='ltr' id='par_1_8' title="bbox 909 1336 1656 1394">
     <span class='ocr_line' id='line_1_22' title="bbox 909 1336 1656 1394; baseline 0.005 -18"><span class='ocrx_word' id='word_1_193' title='bbox 909 1336 960 1376; x_wconf 90' lang='lat' dir='ltr'>In</span> <span class='ocrx_word' id='word_1_194' title='bbox 1009 1351 1094 1392; x_wconf 81' lang='lat' dir='ltr'>quo</span> <span class='ocrx_word' id='word_1_195' title='bbox 1143 1351 1219 1394; x_wconf 83' lang='lat' dir='ltr'>ego</span> <span class='ocrx_word' id='word_1_196' title='bbox 1269 1336 1370 1393; x_wconf 85' lang='lat' dir='ltr'>quid</span> <span class='ocrx_word' id='word_1_197' title='bbox 1402 1336 1553 1388; x_wconf 81' lang='lat' dir='ltr'>beniti,</span> <span class='ocrx_word' id='word_1_198' title='bbox 1585 1347 1656 1380; x_wconf 87' lang='lat' dir='ltr'>aut</span> 
     </span>
    </p>
   </div>
   <div class='ocr_carea' id='block_1_9' title="bbox 118 1392 1725 1623">
    <p class='ocr_par' dir='ltr' id='par_1_9' title="bbox 118 1392 1725 1623">
     <span class='ocr_line' id='line_1_23' title="bbox 118 1392 1655 1452; baseline 0.002 -17"><span class='ocrx_word' id='word_1_199' title='bbox 118 1394 218 1451; x_wconf 92' lang='lat' dir='ltr'>quid</span> <span class='ocrx_word' id='word_1_200' title='bbox 250 1393 409 1436; x_wconf 87' lang='lat' dir='ltr'>efficere</span> <span class='ocrx_word' id='word_1_201' title='bbox 443 1393 617 1450; x_wconf 87' lang='lat' dir='ltr'>possim,</span> <span class='ocrx_word' id='word_1_202' title='bbox 654 1393 767 1435; x_wconf 85' lang='lat' dir='ltr'>malo</span> <span class='ocrx_word' id='word_1_203' title='bbox 799 1392 844 1434; x_wconf 91' lang='lat' dir='ltr'>in</span> <span class='ocrx_word' id='word_1_204' title='bbox 874 1392 1166 1448; x_wconf 64' lang='lat' dir='ltr'>aliorumcspe</span> <span class='ocrx_word' id='word_1_205' title='bbox 1194 1393 1436 1451; x_wconf 84' lang='lat' dir='ltr'>relinquere,</span> <span class='ocrx_word' id='word_1_206' title='bbox 1460 1397 1589 1452; x_wconf 69' lang='lat' dir='ltr'>quam</span> <span class='ocrx_word' id='word_1_207' title='bbox 1610 1395 1655 1439; x_wconf 87' lang='lat' dir='ltr'>in</span> 
     </span>
     <span class='ocr_line' id='line_1_24' title="bbox 119 1450 1725 1512; baseline 0.002 -20"><span class='ocrx_word' id='word_1_208' title='bbox 119 1452 306 1493; x_wconf 85' lang='lat' dir='ltr'>oratione</span> <span class='ocrx_word' id='word_1_209' title='bbox 343 1452 447 1494; x_wconf 61' lang='lat' dir='ltr'>mea</span> <span class='ocrx_word' id='word_1_210' title='bbox 493 1466 658 1507; x_wconf 90' lang='lat' dir='ltr'>ponere.</span> <span class='ocrx_word' id='word_1_211' title='bbox 718 1452 784 1493; x_wconf 81' lang='lat' dir='ltr'>Tu</span> <span class='ocrx_word' id='word_1_212' title='bbox 833 1453 943 1503; x_wconf 75' lang='lat' dir='ltr'>vero,</span> <span class='ocrx_word' id='word_1_213' title='bbox 991 1450 1166 1493; x_wconf 82' lang='lat' dir='ltr'>Caecili!</span> <span class='ocrx_word' id='word_1_214' title='bbox 1215 1453 1316 1509; x_wconf 88' lang='lat' dir='ltr'>quid</span> <span class='ocrx_word' id='word_1_215' title='bbox 1364 1455 1509 1507; x_wconf 81' lang='lat' dir='ltr'>potes?</span> <span class='ocrx_word' id='word_1_216' title='bbox 1571 1465 1654 1512; x_wconf 89' lang='lat' dir='ltr'>quo</span> <span class='ocrx_word' id='word_1_217' title='bbox 1675 1457 1725 1496; x_wconf 85' lang='lat'>15</span> 
     </span>
     <span class='ocr_line' id='line_1_25' title="bbox 119 1508 1656 1568; baseline 0.002 -18"><span class='ocrx_word' id='word_1_218' title='bbox 119 1517 318 1564; x_wconf 86' lang='lat' dir='ltr'>tempore,</span> <span class='ocrx_word' id='word_1_219' title='bbox 356 1519 426 1550; x_wconf 86' lang='lat' dir='ltr'>aut</span> <span class='ocrx_word' id='word_1_220' title='bbox 460 1511 545 1565; x_wconf 60' lang='lat' dir='ltr'>qua</span> <span class='ocrx_word' id='word_1_221' title='bbox 576 1508 621 1550; x_wconf 87' lang='lat' dir='ltr'>in</span> <span class='ocrx_word' id='word_1_222' title='bbox 641 1510 656 1533; x_wconf 80' lang='lat'>‘¹</span> <span class='ocrx_word' id='word_1_223' title='bbox 676 1523 718 1550; x_wconf 86' lang='lat' dir='ltr'>re</span> <span class='ocrx_word' id='word_1_224' title='bbox 747 1523 834 1550; x_wconf 89' lang='lat' dir='ltr'>non</span> <span class='ocrx_word' id='word_1_225' title='bbox 868 1509 996 1551; x_wconf 81' lang='lat' dir='ltr'>modo</span> <span class='ocrx_word' id='word_1_226' title='bbox 1030 1510 1240 1564; x_wconf 85' lang='lat' dir='ltr'>specimen</span> <span class='ocrx_word' id='word_1_227' title='bbox 1286 1509 1444 1552; x_wconf 78' lang='lat' dir='ltr'>caeteris</span> <span class='ocrx_word' id='word_1_228' title='bbox 1490 1509 1656 1568; x_wconf 87' lang='lat' dir='ltr'>aliquod</span> 
     </span>
     <span class='ocr_line' id='line_1_26' title="bbox 119 1565 1658 1623; baseline 0.001 -14"><span class='ocrx_word' id='word_1_229' title='bbox 119 1566 282 1619; x_wconf 79' lang='lat' dir='ltr'>dedisti,</span> <span class='ocrx_word' id='word_1_230' title='bbox 321 1566 389 1608; x_wconf 87' lang='lat' dir='ltr'>sed</span> <span class='ocrx_word' id='word_1_231' title='bbox 433 1575 521 1608; x_wconf 88' lang='lat' dir='ltr'>tute</span> <span class='ocrx_word' id='word_1_232' title='bbox 566 1565 627 1609; x_wconf 88' lang='lat' dir='ltr'>tui</span> <span class='ocrx_word' id='word_1_233' title='bbox 670 1565 904 1623; x_wconf 88' lang='lat' dir='ltr'>periculum</span> <span class='ocrx_word' id='word_1_234' title='bbox 953 1566 1115 1610; x_wconf 81' lang='lat' dir='ltr'>fecisti?</span> <span class='ocrx_word' id='word_1_235' title='bbox 1162 1567 1206 1610; x_wconf 91' lang='lat' dir='ltr'>in</span> <span class='ocrx_word' id='word_1_236' title='bbox 1245 1577 1429 1610; x_wconf 88' lang='lat' dir='ltr'>mentem</span> <span class='ocrx_word' id='word_1_237' title='bbox 1459 1568 1536 1611; x_wconf 86' lang='lat' dir='ltr'>tibi</span> <span class='ocrx_word' id='word_1_238' title='bbox 1568 1584 1658 1612; x_wconf 85' lang='lat' dir='ltr'>non</span> 
     </span>
    </p>
   </div>
   <div class='ocr_carea' id='block_1_10' title="bbox 246 1691 866 1742">
    <p class='ocr_par' dir='ltr' id='par_1_10' title="bbox 246 1691 866 1742">
     <span class='ocr_line' id='line_1_27' title="bbox 246 1691 866 1742; baseline -0.002 -12"><span class='ocrx_word' id='word_1_239' title='bbox 246 1699 263 1717; x_wconf 79' lang='lat'>²</span> <span class='ocrx_word' id='word_1_240' title='bbox 280 1706 333 1730; x_wconf 81' lang='lat' dir='ltr'>me</span> <span class='ocrx_word' id='word_1_241' title='bbox 346 1701 547 1730; x_wconf 79' lang='lat' dir='ltr'>accusante.</span> <span class='ocrx_word' id='word_1_242' title='bbox 654 1691 670 1715; x_wconf 62' lang='grc' dir='ltr'>ι’</span> <span class='ocrx_word' id='word_1_243' title='bbox 682 1694 866 1742; x_wconf 75' lang='lat' dir='ltr'>suscipere.</span> 
     </span>
    </p>
   </div>
   <div class='ocr_carea' id='block_1_11' title="bbox 118 1818 867 2886">
    <p class='ocr_par' dir='ltr' id='par_1_11' title="bbox 118 1818 867 1950">
     <span class='ocr_line' id='line_1_28' title="bbox 162 1818 865 1864; baseline 0.001 -14"><span class='ocrx_word' id='word_1_244' title='bbox 162 1820 216 1851; x_wconf 79' lang='lat'>22.</span> <span class='ocrx_word' id='word_1_245' title='bbox 245 1818 318 1850; x_wconf 66' lang='lat' dir='ltr'>Geni</span> <span class='ocrx_word' id='word_1_246' title='bbox 334 1818 494 1864; x_wconf 46' lang='lat' dir='ltr'>legitima]</span> <span class='ocrx_word' id='word_1_247' title='bbox 517 1821 602 1853; x_wconf 86' lang='lat' dir='ltr'>Cera</span> <span class='ocrx_word' id='word_1_248' title='bbox 625 1818 773 1862; x_wconf 85' lang='lat' dir='ltr'>legitima</span> <span class='ocrx_word' id='word_1_249' title='bbox 796 1826 865 1851; x_wconf 88' lang='lat' dir='ltr'>erat</span> 
     </span>
     <span class='ocr_line' id='line_1_29' title="bbox 118 1864 867 1907; baseline 0 -11"><span class='ocrx_word' id='word_1_250' title='bbox 118 1864 152 1898; x_wconf 89' lang='lat' dir='ltr'>in</span> <span class='ocrx_word' id='word_1_251' title='bbox 168 1867 231 1906; x_wconf 67' lang='lat' dir='ltr'>qil-3.</span> <span class='ocrx_word' id='word_1_252' title='bbox 250 1866 294 1903; x_wconf 83' lang='lat' dir='ltr'>A,</span> <span class='ocrx_word' id='word_1_253' title='bbox 309 1864 403 1896; x_wconf 89' lang='lat' dir='ltr'>litera</span> <span class='ocrx_word' id='word_1_254' title='bbox 418 1864 641 1902; x_wconf 74' lang='lat' dir='ltr'>absolutionis,</span> <span class='ocrx_word' id='word_1_255' title='bbox 653 1865 774 1907; x_wconf 78' lang='lat' dir='ltr'>scripta</span> <span class='ocrx_word' id='word_1_256' title='bbox 785 1873 867 1903; x_wconf 84' lang='lat' dir='ltr'>erat,</span> 
     </span>
     <span class='ocr_line' id='line_1_30' title="bbox 118 1909 571 1950; baseline -0.002 -9"><span class='ocrx_word' id='word_1_257' title='bbox 118 1917 153 1941; x_wconf 84' lang='lat' dir='ltr'>et</span> <span class='ocrx_word' id='word_1_258' title='bbox 163 1920 236 1950; x_wconf 83' lang='lat' dir='ltr'>quae</span> <span class='ocrx_word' id='word_1_259' title='bbox 252 1917 321 1940; x_wconf 84' lang='lat' dir='ltr'>erat</span> <span class='ocrx_word' id='word_1_260' title='bbox 337 1909 431 1941; x_wconf 85' lang='lat' dir='ltr'>unius</span> <span class='ocrx_word' id='word_1_261' title='bbox 446 1909 571 1941; x_wconf 73' lang='lat' dir='ltr'>coloris.</span> 
     </span>
    </p>

    <p class='ocr_par' dir='ltr' id='par_1_12' title="bbox 118 1951 865 2264">
     <span class='ocr_line' id='line_1_31' title="bbox 164 1951 865 1997; baseline -0.001 -12"><span class='ocrx_word' id='word_1_262' title='bbox 164 1954 211 1985; x_wconf 77' lang='lat' dir='ltr'>lb.</span> <span class='ocrx_word' id='word_1_263' title='bbox 227 1954 300 1984; x_wconf 83' lang='lat' dir='ltr'>Non</span> <span class='ocrx_word' id='word_1_264' title='bbox 314 1951 366 1984; x_wconf 68' lang='lat' dir='ltr'>illd</span> <span class='ocrx_word' id='word_1_265' title='bbox 383 1954 518 1997; x_wconf 62' lang='lat' dir='ltr'>infami]</span> <span class='ocrx_word' id='word_1_266' title='bbox 543 1956 605 1985; x_wconf 87' lang='lat' dir='ltr'>Per</span> <span class='ocrx_word' id='word_1_267' title='bbox 622 1951 788 1991; x_wconf 82' lang='lat' dir='ltr'>infamem,</span> <span class='ocrx_word' id='word_1_268' title='bbox 801 1953 865 1984; x_wconf 87' lang='lat' dir='ltr'>dis-</span> 
     </span>
     <span class='ocr_line' id='line_1_32' title="bbox 120 1996 865 2040; baseline -0.001 -10"><span class='ocrx_word' id='word_1_269' title='bbox 120 1997 262 2030; x_wconf 85' lang='lat' dir='ltr'>colorem</span> <span class='ocrx_word' id='word_1_270' title='bbox 273 1998 428 2040; x_wconf 81' lang='lat' dir='ltr'>intelligit</span> <span class='ocrx_word' id='word_1_271' title='bbox 442 2010 451 2036; x_wconf 92' lang='lat'>;</span> <span class='ocrx_word' id='word_1_272' title='bbox 474 1998 507 2029; x_wconf 89' lang='lat' dir='ltr'>in</span> <span class='ocrx_word' id='word_1_273' title='bbox 525 2001 586 2040; x_wconf 69' lang='lat' dir='ltr'>qual</span> <span class='ocrx_word' id='word_1_274' title='bbox 597 1998 692 2030; x_wconf 88' lang='lat' dir='ltr'>litera</span> <span class='ocrx_word' id='word_1_275' title='bbox 702 1996 733 2030; x_wconf 89' lang='lat' dir='ltr'>C</span> <span class='ocrx_word' id='word_1_276' title='bbox 746 1998 865 2040; x_wconf 82' lang='lat' dir='ltr'>scripta</span> 
     </span>
     <span class='ocr_line' id='line_1_33' title="bbox 118 2042 865 2086; baseline -0.001 -12"><span class='ocrx_word' id='word_1_277' title='bbox 118 2051 200 2079; x_wconf 85' lang='lat' dir='ltr'>erat,</span> <span class='ocrx_word' id='word_1_278' title='bbox 215 2042 329 2074; x_wconf 80' lang='lat' dir='ltr'>alludit</span> <span class='ocrx_word' id='word_1_279' title='bbox 345 2051 454 2074; x_wconf 84' lang='lat' dir='ltr'>autem</span> <span class='ocrx_word' id='word_1_280' title='bbox 467 2043 506 2073; x_wconf 90' lang='lat' dir='ltr'>ad</span> <span class='ocrx_word' id='word_1_281' title='bbox 515 2043 675 2085; x_wconf 85' lang='lat' dir='ltr'>judicium</span> <span class='ocrx_word' id='word_1_282' title='bbox 688 2043 776 2086; x_wconf 88' lang='lat' dir='ltr'>quod</span> <span class='ocrx_word' id='word_1_283' title='bbox 788 2053 865 2074; x_wconf 86' lang='lat' dir='ltr'>con-</span> 
     </span>
     <span class='ocr_line' id='line_1_34' title="bbox 119 2087 862 2130; baseline 0 -12"><span class='ocrx_word' id='word_1_284' title='bbox 119 2094 172 2119; x_wconf 85' lang='lat' dir='ltr'>tra</span> <span class='ocrx_word' id='word_1_285' title='bbox 195 2088 380 2119; x_wconf 83' lang='lat' dir='ltr'>Varronem</span> <span class='ocrx_word' id='word_1_286' title='bbox 410 2087 623 2119; x_wconf 86' lang='lat' dir='ltr'>constitutum</span> <span class='ocrx_word' id='word_1_287' title='bbox 650 2097 717 2128; x_wconf 87' lang='lat' dir='ltr'>est;</span> <span class='ocrx_word' id='word_1_288' title='bbox 740 2087 796 2130; x_wconf 90' lang='lat' dir='ltr'>qui</span> <span class='ocrx_word' id='word_1_289' title='bbox 822 2087 862 2118; x_wconf 87' lang='lat' dir='ltr'>ab</span> 
     </span>
     <span class='ocr_line' id='line_1_35' title="bbox 119 2131 864 2174; baseline -0.003 -10"><span class='ocrx_word' id='word_1_290' title='bbox 119 2131 299 2164; x_wconf 82' lang='lat' dir='ltr'>Hortensio</span> <span class='ocrx_word' id='word_1_291' title='bbox 329 2131 478 2163; x_wconf 73' lang='lat' dir='ltr'>defensus</span> <span class='ocrx_word' id='word_1_292' title='bbox 499 2140 557 2170; x_wconf 77' lang='lat' dir='ltr'>est,</span> <span class='ocrx_word' id='word_1_293' title='bbox 577 2132 634 2174; x_wconf 92' lang='lat' dir='ltr'>qui</span> <span class='ocrx_word' id='word_1_294' title='bbox 659 2134 789 2165; x_wconf 80' lang='lat' dir='ltr'>tabulas</span> <span class='ocrx_word' id='word_1_295' title='bbox 814 2132 864 2162; x_wconf 89' lang='lat' dir='ltr'>in-</span> 
     </span>
     <span class='ocr_line' id='line_1_36' title="bbox 119 2164 865 2220; baseline 0.001 -13"><span class='ocrx_word' id='word_1_296' title='bbox 119 2174 232 2213; x_wconf 80' lang='lat' dir='ltr'>fames,</span> <span class='ocrx_word' id='word_1_297' title='bbox 269 2164 354 2208; x_wconf 61' lang='lat' dir='ltr'>varii</span> <span class='ocrx_word' id='word_1_298' title='bbox 391 2187 508 2218; x_wconf 82' lang='lat' dir='ltr'>nempe</span> <span class='ocrx_word' id='word_1_299' title='bbox 548 2177 676 2215; x_wconf 83' lang='lat' dir='ltr'>coloris,</span> <span class='ocrx_word' id='word_1_300' title='bbox 716 2176 865 2220; x_wconf 87' lang='lat' dir='ltr'>protulit,</span> 
     </span>
     <span class='ocr_line' id='line_1_37' title="bbox 120 2219 800 2264; baseline 0.001 -12"><span class='ocrx_word' id='word_1_301' title='bbox 120 2219 194 2252; x_wconf 65' lang='lat' dir='ltr'>eum</span> <span class='ocrx_word' id='word_1_302' title='bbox 208 2220 362 2264; x_wconf 78' lang='lat' dir='ltr'>judicum</span> <span class='ocrx_word' id='word_1_303' title='bbox 376 2229 535 2253; x_wconf 83' lang='lat' dir='ltr'>metueret</span> <span class='ocrx_word' id='word_1_304' title='bbox 547 2221 800 2264; x_wconf 82' lang='lat' dir='ltr'>corruptionem.</span> 
     </span>
    </p>

    <p class='ocr_par' dir='ltr' id='par_1_13' title="bbox 119 2265 867 2526">
     <span class='ocr_line' id='line_1_38' title="bbox 163 2265 866 2309; baseline 0.004 -14"><span class='ocrx_word' id='word_1_305' title='bbox 163 2266 215 2296; x_wconf 75' lang='lat'>24.</span> <span class='ocrx_word' id='word_1_306' title='bbox 230 2267 256 2297; x_wconf 76' lang='lat' dir='ltr'><em>A</em></span> <span class='ocrx_word' id='word_1_307' title='bbox 268 2266 372 2306; x_wconf 61' lang='lat' dir='ltr'>pueris</span> <span class='ocrx_word' id='word_1_308' title='bbox 390 2265 564 2308; x_wconf 54' lang='lat' dir='ltr'>nobilibus]</span> <span class='ocrx_word' id='word_1_309' title='bbox 585 2277 589 2280; x_wconf 82' lang='lat'>·</span> <span class='ocrx_word' id='word_1_310' title='bbox 605 2267 754 2309; x_wconf 85' lang='lat' dir='ltr'>Appium</span> <span class='ocrx_word' id='word_1_311' title='bbox 769 2265 866 2298; x_wconf 87' lang='lat' dir='ltr'>Clau-</span> 
     </span>
     <span class='ocr_line' id='line_1_39' title="bbox 119 2298 866 2348; baseline 0 -7"><span class='ocrx_word' id='word_1_312' title='bbox 119 2309 224 2347; x_wconf 83' lang='lat' dir='ltr'>dium,</span> <span class='ocrx_word' id='word_1_313' title='bbox 255 2316 289 2342; x_wconf 83' lang='lat' dir='ltr'>et</span> <span class='ocrx_word' id='word_1_314' title='bbox 318 2298 490 2348; x_wconf 54' lang='lat' dir='ltr'>cgsnem,</span> <span class='ocrx_word' id='word_1_315' title='bbox 520 2311 624 2342; x_wconf 87' lang='lat' dir='ltr'>adhuc</span> <span class='ocrx_word' id='word_1_316' title='bbox 651 2310 866 2343; x_wconf 80' lang='lat' dir='ltr'>adolescentes</span> 
     </span>
     <span class='ocr_line' id='line_1_40' title="bbox 120 2352 867 2397; baseline -0.003 -10"><span class='ocrx_word' id='word_1_317' title='bbox 120 2352 293 2396; x_wconf 69' lang='lat' dir='ltr'>signifieat,</span> <span class='ocrx_word' id='word_1_318' title='bbox 307 2365 447 2397; x_wconf 88' lang='lat' dir='ltr'>quorum</span> <span class='ocrx_word' id='word_1_319' title='bbox 463 2355 544 2386; x_wconf 88' lang='lat' dir='ltr'>alter</span> <span class='ocrx_word' id='word_1_320' title='bbox 566 2356 760 2387; x_wconf 87' lang='lat' dir='ltr'>Terentium</span> <span class='ocrx_word' id='word_1_321' title='bbox 782 2357 867 2386; x_wconf 89' lang='lat' dir='ltr'>Var-</span> 
     </span>
     <span class='ocr_line' id='line_1_41' title="bbox 119 2398 866 2436; baseline 0.001 -6"><span class='ocrx_word' id='word_1_322' title='bbox 119 2409 246 2436; x_wconf 80' lang='lat' dir='ltr'>ronem,</span> <span class='ocrx_word' id='word_1_323' title='bbox 262 2398 344 2430; x_wconf 87' lang='lat' dir='ltr'>alter</span> <span class='ocrx_word' id='word_1_324' title='bbox 370 2399 576 2431; x_wconf 84' lang='lat' dir='ltr'>Dolabellam</span> <span class='ocrx_word' id='word_1_325' title='bbox 601 2401 771 2432; x_wconf 80' lang='lat' dir='ltr'>accusavit.</span> <span class='ocrx_word' id='word_1_326' title='bbox 819 2402 866 2431; x_wconf 88' lang='lat' dir='ltr'>At</span> 
     </span>
     <span class='ocr_line' id='line_1_42' title="bbox 121 2443 866 2486; baseline 0 -11"><span class='ocrx_word' id='word_1_327' title='bbox 121 2443 292 2475; x_wconf 77' lang='lat' dir='ltr'>Hortensii</span> <span class='ocrx_word' id='word_1_328' title='bbox 314 2443 440 2479; x_wconf 79' lang='lat' dir='ltr'>fraude,</span> <span class='ocrx_word' id='word_1_329' title='bbox 468 2445 524 2486; x_wconf 83' lang='lat' dir='ltr'>qui</span> <span class='ocrx_word' id='word_1_330' title='bbox 549 2444 759 2477; x_wconf 81' lang='lat' dir='ltr'>discoloribus</span> <span class='ocrx_word' id='word_1_331' title='bbox 786 2444 866 2477; x_wconf 87' lang='lat' dir='ltr'>ceris</span> 
     </span>
     <span class='ocr_line' id='line_1_43' title="bbox 122 2487 519 2526; baseline -0.003 -7"><span class='ocrx_word' id='word_1_332' title='bbox 122 2497 197 2519; x_wconf 78' lang='lat' dir='ltr'>usus</span> <span class='ocrx_word' id='word_1_333' title='bbox 210 2495 271 2526; x_wconf 86' lang='lat' dir='ltr'>est,</span> <span class='ocrx_word' id='word_1_334' title='bbox 289 2487 418 2519; x_wconf 85' lang='lat' dir='ltr'>liberati</span> <span class='ocrx_word' id='word_1_335' title='bbox 433 2496 519 2520; x_wconf 83' lang='lat' dir='ltr'>sunt.</span> 
     </span>
    </p>

    <p class='ocr_par' dir='ltr' id='par_1_14' title="bbox 121 2532 866 2698">
     <span class='ocr_line' id='line_1_44' title="bbox 165 2532 866 2577; baseline 0.003 -15"><span class='ocrx_word' id='word_1_336' title='bbox 165 2532 219 2563; x_wconf 82' lang='lat'>2⁵.</span> <span class='ocrx_word' id='word_1_337' title='bbox 235 2533 259 2563; x_wconf 80' lang='grc' dir='ltr'><strong><em>Δ</em></strong></span> <span class='ocrx_word' id='word_1_338' title='bbox 271 2534 351 2573; x_wconf 80' lang='lat' dir='ltr'>quati</span> <span class='ocrx_word' id='word_1_339' title='bbox 409 2533 583 2576; x_wconf 58' lang='lat' dir='ltr'>latoribus]</span> <span class='ocrx_word' id='word_1_340' title='bbox 622 2533 866 2577; x_wconf 77' lang='lat' dir='ltr'>Qiadruplato-</span> 
     </span>
     <span class='ocr_line' id='line_1_45' title="bbox 121 2541 862 2621; baseline 0.005 -15"><span class='ocrx_word' id='word_1_341' title='bbox 121 2584 173 2607; x_wconf 74' lang='lat' dir='ltr'>res</span> <span class='ocrx_word' id='word_1_342' title='bbox 184 2541 443 2621; x_wconf 44' lang='grc' dir='ltr'>(Σάλιοι-αλκ</span> <span class='ocrx_word' id='word_1_343' title='bbox 455 2577 628 2609; x_wconf 84' lang='lat' dir='ltr'>criminum</span> <span class='ocrx_word' id='word_1_344' title='bbox 641 2579 862 2621; x_wconf 82' lang='lat' dir='ltr'>publicorum:</span> 
     </span>
     <span class='ocr_line' id='line_1_46' title="bbox 121 2618 864 2664; baseline 0.008 -15"><span class='ocrx_word' id='word_1_345' title='bbox 121 2618 155 2650; x_wconf 88' lang='lat' dir='ltr'>in</span> <span class='ocrx_word' id='word_1_346' title='bbox 171 2623 234 2661; x_wconf 69' lang='lat' dir='ltr'>qua</span> <span class='ocrx_word' id='word_1_347' title='bbox 257 2631 292 2652; x_wconf 90' lang='lat' dir='ltr'>re</span> <span class='ocrx_word' id='word_1_348' title='bbox 319 2629 468 2663; x_wconf 81' lang='lat' dir='ltr'>quartam</span> <span class='ocrx_word' id='word_1_349' title='bbox 492 2631 619 2664; x_wconf 83' lang='lat' dir='ltr'>partem</span> <span class='ocrx_word' id='word_1_350' title='bbox 649 2623 810 2654; x_wconf 87' lang='lat' dir='ltr'>bonorum</span> <span class='ocrx_word' id='word_1_351' title='bbox 827 2634 864 2655; x_wconf 79' lang='lat' dir='ltr'>ex</span> 
     </span>
     <span class='ocr_line' id='line_1_47' title="bbox 121 2663 559 2698; baseline 0.007 -3"><span class='ocrx_word' id='word_1_352' title='bbox 121 2667 177 2695; x_wconf 68' lang='lat' dir='ltr'>sui</span> <span class='ocrx_word' id='word_1_353' title='bbox 192 2663 353 2696; x_wconf 82' lang='lat' dir='ltr'>delatione</span> <span class='ocrx_word' id='word_1_354' title='bbox 369 2665 559 2698; x_wconf 83' lang='lat' dir='ltr'>referebant.</span> 
     </span>
    </p>

    <p class='ocr_par' dir='ltr' id='par_1_15' title="bbox 119 2708 867 2886">
     <span class='ocr_line' id='line_1_48' title="bbox 165 2708 865 2753; baseline 0.01 -16"><span class='ocrx_word' id='word_1_355' title='bbox 165 2708 218 2739; x_wconf 79' lang='lat'>27.</span> <span class='ocrx_word' id='word_1_356' title='bbox 233 2708 409 2752; x_wconf 66' lang='lat' dir='ltr'>spectatos]</span> <span class='ocrx_word' id='word_1_357' title='bbox 432 2711 552 2753; x_wconf 76' lang='lat' dir='ltr'>Pungit</span> <span class='ocrx_word' id='word_1_358' title='bbox 572 2712 798 2749; x_wconf 82' lang='lat' dir='ltr'>Hortensium,</span> <span class='ocrx_word' id='word_1_359' title='bbox 813 2711 865 2744; x_wconf 87' lang='lat' dir='ltr'>cui</span> 
     </span>
     <span class='ocr_line' id='line_1_49' title="bbox 122 2751 865 2798; baseline 0.007 -15"><span class='ocrx_word' id='word_1_360' title='bbox 122 2751 215 2788; x_wconf 87' lang='lat' dir='ltr'>dicit,</span> <span class='ocrx_word' id='word_1_361' title='bbox 226 2763 291 2784; x_wconf 87' lang='lat' dir='ltr'>non</span> <span class='ocrx_word' id='word_1_362' title='bbox 308 2753 337 2784; x_wconf 88' lang='lat' dir='ltr'>ei</span> <span class='ocrx_word' id='word_1_363' title='bbox 359 2764 429 2785; x_wconf 87' lang='lat' dir='ltr'>rem</span> <span class='ocrx_word' id='word_1_364' title='bbox 444 2766 510 2786; x_wconf 81' lang='lat' dir='ltr'>esse</span> <span class='ocrx_word' id='word_1_365' title='bbox 525 2766 600 2787; x_wconf 85' lang='lat' dir='ltr'>cum</span> <span class='ocrx_word' id='word_1_366' title='bbox 615 2757 722 2798; x_wconf 86' lang='lat' dir='ltr'>pueris</span> <span class='ocrx_word' id='word_1_367' title='bbox 738 2765 770 2788; x_wconf 89' lang='lat' dir='ltr'>et</span> <span class='ocrx_word' id='word_1_368' title='bbox 785 2767 865 2798; x_wconf 86' lang='lat' dir='ltr'>qua-</span> 
     </span>
     <span class='ocr_line' id='line_1_50' title="bbox 119 2796 867 2848; baseline 0.007 -20"><span class='ocrx_word' id='word_1_369' title='bbox 119 2796 372 2848; x_wconf 71' lang='lat' dir='ltr'>druplatoribus,</span> <span class='ocrx_word' id='word_1_370' title='bbox 401 2799 456 2830; x_wconf 80' lang='lat' dir='ltr'>sed</span> <span class='ocrx_word' id='word_1_371' title='bbox 483 2810 558 2833; x_wconf 84' lang='lat' dir='ltr'>cum</span> <span class='ocrx_word' id='word_1_372' title='bbox 584 2800 662 2833; x_wconf 81' lang='lat' dir='ltr'>viris</span> <span class='ocrx_word' id='word_1_373' title='bbox 691 2801 867 2844; x_wconf 82' lang='lat' dir='ltr'>generosis,</span> 
     </span>
     <span class='ocr_line' id='line_1_51' title="bbox 121 2849 484 2886; baseline 0.006 -12"><span class='ocrx_word' id='word_1_374' title='bbox 121 2851 179 2886; x_wconf 71' lang='lat' dir='ltr'>qui</span> <span class='ocrx_word' id='word_1_375' title='bbox 195 2849 351 2875; x_wconf 73' lang='lat' dir='ltr'>virtutem</span> <span class='ocrx_word' id='word_1_376' title='bbox 364 2849 484 2876; x_wconf 78' lang='lat' dir='ltr'>amant.</span> 
     </span>
    </p>
   </div>
   <div class='ocr_carea' id='block_1_12' title="bbox 975 1691 1488 1744">
    <p class='ocr_par' dir='ltr' id='par_1_16' title="bbox 975 1691 1488 1744">
     <span class='ocr_line' id='line_1_52' title="bbox 975 1691 1488 1744; baseline 0 -14"><span class='ocrx_word' id='word_1_377' title='bbox 975 1697 989 1716; x_wconf 69' lang='lat'><strong>⁶</strong></span> <span class='ocrx_word' id='word_1_378' title='bbox 1003 1693 1229 1744; x_wconf 75' lang='lat' dir='ltr'>cogitatione.</span> <span class='ocrx_word' id='word_1_379' title='bbox 1335 1692 1352 1717; x_wconf 79' lang='lat'>‘¹</span> <span class='ocrx_word' id='word_1_380' title='bbox 1366 1691 1488 1732; x_wconf 61' lang='lat' dir='ltr'>causet.</span> 
     </span>
    </p>
   </div>
   <div class='ocr_carea' id='block_1_13' title="bbox 907 1819 1659 2791">
    <p class='ocr_par' dir='ltr' id='par_1_17' title="bbox 910 1819 1659 1956">
     <span class='ocr_line' id='line_1_53' title="bbox 954 1819 1659 1866; baseline 0.016 -17"><span class='ocrx_word' id='word_1_381' title='bbox 954 1820 1008 1849; x_wconf 78' lang='lat'>27.</span> <span class='ocrx_word' id='word_1_382' title='bbox 1033 1819 1196 1852; x_wconf 80' lang='lat' dir='ltr'>Dominari</span> <span class='ocrx_word' id='word_1_383' title='bbox 1225 1832 1285 1852; x_wconf 80' lang='lat' dir='ltr'>non</span> <span class='ocrx_word' id='word_1_384' title='bbox 1309 1821 1421 1866; x_wconf 53' lang='lat' dir='ltr'>posses}</span> <span class='ocrx_word' id='word_1_385' title='bbox 1466 1825 1659 1860; x_wconf 69' lang='lat' dir='ltr'>Hortensius</span> 
     </span>
     <span class='ocr_line' id='line_1_54' title="bbox 911 1863 1658 1910; baseline 0.009 -14"><span class='ocrx_word' id='word_1_386' title='bbox 911 1865 981 1896; x_wconf 83' lang='lat' dir='ltr'>Rex</span> <span class='ocrx_word' id='word_1_387' title='bbox 996 1863 1060 1896; x_wconf 85' lang='lat' dir='ltr'>fori</span> <span class='ocrx_word' id='word_1_388' title='bbox 1076 1866 1254 1903; x_wconf 82' lang='lat' dir='ltr'>dicebatur,</span> <span class='ocrx_word' id='word_1_389' title='bbox 1272 1866 1374 1909; x_wconf 83' lang='lat' dir='ltr'>iisque</span> <span class='ocrx_word' id='word_1_390' title='bbox 1395 1867 1526 1910; x_wconf 79' lang='lat' dir='ltr'>judiciis</span> <span class='ocrx_word' id='word_1_391' title='bbox 1549 1871 1658 1903; x_wconf 78' lang='lat' dir='ltr'>domi·</span> 
     </span>
     <span class='ocr_line' id='line_1_55' title="bbox 910 1909 1568 1956; baseline 0.009 -16"><span class='ocrx_word' id='word_1_392' title='bbox 910 1909 994 1946; x_wconf 85' lang='lat' dir='ltr'>nari,</span> <span class='ocrx_word' id='word_1_393' title='bbox 1009 1920 1067 1951; x_wconf 87' lang='lat' dir='ltr'>per</span> <span class='ocrx_word' id='word_1_394' title='bbox 1080 1910 1215 1952; x_wconf 86' lang='lat' dir='ltr'>judices,</span> <span class='ocrx_word' id='word_1_395' title='bbox 1233 1923 1313 1953; x_wconf 85' lang='lat' dir='ltr'>quos</span> <span class='ocrx_word' id='word_1_396' title='bbox 1329 1914 1568 1956; x_wconf 82' lang='lat' dir='ltr'>corrumpebat.</span> 
     </span>
    </p>

    <p class='ocr_par' dir='ltr' id='par_1_18' title="bbox 909 1955 1656 2119">
     <span class='ocr_line' id='line_1_56' title="bbox 953 1955 1656 2002; baseline 0.011 -18"><span class='ocrx_word' id='word_1_397' title='bbox 953 1955 973 1984; x_wconf 80' lang='lat'>&lt;2</span> <span class='ocrx_word' id='word_1_398' title='bbox 999 1955 1028 1985; x_wconf 86' lang='lat' dir='ltr'><em>T</em></span> <span class='ocrx_word' id='word_1_399' title='bbox 1025 1959 1106 1985; x_wconf 77' lang='lat' dir='ltr'>otum</span> <span class='ocrx_word' id='word_1_400' title='bbox 1118 1965 1179 1986; x_wconf 82' lang='lat' dir='ltr'>esse</span> <span class='ocrx_word' id='word_1_401' title='bbox 1191 1956 1392 2000; x_wconf 66' lang='lat' dir='ltr'>mutandam]</span> <span class='ocrx_word' id='word_1_402' title='bbox 1415 1959 1549 1991; x_wconf 88' lang='lat' dir='ltr'>Acriter</span> <span class='ocrx_word' id='word_1_403' title='bbox 1572 1969 1656 2002; x_wconf 85' lang='lat' dir='ltr'>pun-</span> 
     </span>
     <span class='ocr_line' id='line_1_57' title="bbox 909 1997 1655 2047; baseline 0.011 -19"><span class='ocrx_word' id='word_1_404' title='bbox 909 1997 959 2040; x_wconf 88' lang='lat' dir='ltr'>git</span> <span class='ocrx_word' id='word_1_405' title='bbox 973 1999 1199 2036; x_wconf 80' lang='lat' dir='ltr'>Hortensium,</span> <span class='ocrx_word' id='word_1_406' title='bbox 1223 2000 1269 2032; x_wconf 76' lang='lat' dir='ltr'>ait</span> <span class='ocrx_word' id='word_1_407' title='bbox 1293 2002 1381 2032; x_wconf 87' lang='lat' dir='ltr'>enim</span> <span class='ocrx_word' id='word_1_408' title='bbox 1402 2001 1449 2033; x_wconf 90' lang='lat' dir='ltr'>ita</span> <span class='ocrx_word' id='word_1_409' title='bbox 1469 2012 1655 2047; x_wconf 84' lang='lat' dir='ltr'>corruptam</span> 
     </span>
     <span class='ocr_line' id='line_1_58' title="bbox 910 2043 1656 2085; baseline 0.012 -12"><span class='ocrx_word' id='word_1_410' title='bbox 910 2043 978 2085; x_wconf 87' lang='lat' dir='ltr'>ejus</span> <span class='ocrx_word' id='word_1_411' title='bbox 993 2053 1058 2074; x_wconf 87' lang='lat' dir='ltr'>esse</span> <span class='ocrx_word' id='word_1_412' title='bbox 1075 2043 1266 2077; x_wconf 85' lang='lat' dir='ltr'>defendendi</span> <span class='ocrx_word' id='word_1_413' title='bbox 1279 2045 1452 2085; x_wconf 76' lang='lat' dir='ltr'>rationem,</span> <span class='ocrx_word' id='word_1_414' title='bbox 1469 2055 1505 2079; x_wconf 86' lang='lat' dir='ltr'>ut</span> <span class='ocrx_word' id='word_1_415' title='bbox 1519 2055 1590 2080; x_wconf 84' lang='lat' dir='ltr'>tota</span> <span class='ocrx_word' id='word_1_416' title='bbox 1604 2061 1656 2082; x_wconf 81' lang='lat' dir='ltr'>res</span> 
     </span>
     <span class='ocr_line' id='line_1_59' title="bbox 909 2087 1129 2119; baseline 0.009 -2"><span class='ocrx_word' id='word_1_417' title='bbox 909 2088 1065 2119; x_wconf 80' lang='lat' dir='ltr'>mutanda</span> <span class='ocrx_word' id='word_1_418' title='bbox 1078 2087 1129 2119; x_wconf 86' lang='lat' dir='ltr'>sit.</span> 
     </span>
    </p>

    <p class='ocr_par' dir='ltr' id='par_1_19' title="bbox 907 2132 1655 2308">
     <span class='ocr_line' id='line_1_60' title="bbox 953 2132 1655 2179; baseline 0.016 -20"><span class='ocrx_word' id='word_1_419' title='bbox 953 2132 983 2160; x_wconf 84' lang='grc'>3.</span> <span class='ocrx_word' id='word_1_420' title='bbox 1011 2132 1140 2163; x_wconf 84' lang='lat' dir='ltr'>Meliore</span> <span class='ocrx_word' id='word_1_421' title='bbox 1152 2133 1321 2164; x_wconf 80' lang='lat' dir='ltr'>conditione</span> <span class='ocrx_word' id='word_1_422' title='bbox 1334 2134 1398 2177; x_wconf 55' lang='lat' dir='ltr'>sim]</span> <span class='ocrx_word' id='word_1_423' title='bbox 1423 2136 1525 2179; x_wconf 83' lang='lat' dir='ltr'>Optat</span> <span class='ocrx_word' id='word_1_424' title='bbox 1536 2144 1573 2169; x_wconf 87' lang='lat' dir='ltr'>ut</span> <span class='ocrx_word' id='word_1_425' title='bbox 1585 2147 1655 2169; x_wconf 83' lang='lat' dir='ltr'>mc-</span> 
     </span>
     <span class='ocr_line' id='line_1_61' title="bbox 909 2175 1655 2222; baseline 0.011 -15"><span class='ocrx_word' id='word_1_426' title='bbox 909 2175 971 2207; x_wconf 90' lang='lat' dir='ltr'>lior</span> <span class='ocrx_word' id='word_1_427' title='bbox 987 2176 1028 2208; x_wconf 90' lang='lat' dir='ltr'>sit</span> <span class='ocrx_word' id='word_1_428' title='bbox 1045 2177 1250 2215; x_wconf 81' lang='lat' dir='ltr'>Hortensius,</span> <span class='ocrx_word' id='word_1_429' title='bbox 1265 2177 1339 2210; x_wconf 72' lang='lat' dir='ltr'>cum</span> <span class='ocrx_word' id='word_1_430' title='bbox 1355 2180 1467 2222; x_wconf 80' lang='lat' dir='ltr'>possit,</span> <span class='ocrx_word' id='word_1_431' title='bbox 1491 2189 1523 2214; x_wconf 94' lang='lat' dir='ltr'>et</span> <span class='ocrx_word' id='word_1_432' title='bbox 1539 2182 1655 2215; x_wconf 82' lang='lat' dir='ltr'>debeat</span> 
     </span>
     <span class='ocr_line' id='line_1_62' title="bbox 908 2221 1655 2269; baseline 0.012 -18"><span class='ocrx_word' id='word_1_433' title='bbox 908 2221 1042 2253; x_wconf 76' lang='lat' dir='ltr'>honeste</span> <span class='ocrx_word' id='word_1_434' title='bbox 1063 2232 1170 2264; x_wconf 87' lang='lat' dir='ltr'>agere,</span> <span class='ocrx_word' id='word_1_435' title='bbox 1200 2223 1286 2263; x_wconf 87' lang='lat' dir='ltr'>quod</span> <span class='ocrx_word' id='word_1_436' title='bbox 1310 2222 1436 2257; x_wconf 87' lang='lat' dir='ltr'>facilius</span> <span class='ocrx_word' id='word_1_437' title='bbox 1467 2233 1526 2264; x_wconf 88' lang='lat' dir='ltr'>est,</span> <span class='ocrx_word' id='word_1_438' title='bbox 1554 2226 1655 2269; x_wconf 68' lang='lat' dir='ltr'>quam</span> 
     </span>
     <span class='ocr_line' id='line_1_63' title="bbox 907 2265 1263 2308; baseline 0.003 -11"><span class='ocrx_word' id='word_1_439' title='bbox 907 2265 1032 2308; x_wconf 89' lang='lat' dir='ltr'>judices</span> <span class='ocrx_word' id='word_1_440' title='bbox 1047 2277 1263 2308; x_wconf 83' lang='lat' dir='ltr'>corrumpere-</span> 
     </span>
    </p>

    <p class='ocr_par' dir='ltr' id='par_1_20' title="bbox 909 2310 1657 2566">
     <span class='ocr_line' id='line_1_64' title="bbox 955 2310 1655 2354; baseline 0.01 -13"><span class='ocrx_word' id='word_1_441' title='bbox 955 2313 985 2342; x_wconf 87' lang='lat'>5.</span> <span class='ocrx_word' id='word_1_442' title='bbox 1001 2311 1071 2352; x_wconf 77' lang='lat' dir='ltr'>Ipse</span> <span class='ocrx_word' id='word_1_443' title='bbox 1087 2310 1186 2354; x_wconf 56' lang='lat' dir='ltr'>vidia]</span> <span class='ocrx_word' id='word_1_444' title='bbox 1210 2312 1362 2354; x_wconf 86' lang='lat' dir='ltr'>Superior</span> <span class='ocrx_word' id='word_1_445' title='bbox 1378 2322 1447 2345; x_wconf 87' lang='lat' dir='ltr'>erat</span> <span class='ocrx_word' id='word_1_446' title='bbox 1463 2321 1558 2346; x_wconf 81' lang='lat' dir='ltr'>aetate</span> <span class='ocrx_word' id='word_1_447' title='bbox 1575 2315 1655 2348; x_wconf 83' lang='lat' dir='ltr'>Tul·</span> 
     </span>
     <span class='ocr_line' id='line_1_65' title="bbox 911 2354 1655 2392; baseline 0.009 -6"><span class='ocrx_word' id='word_1_448' title='bbox 911 2354 954 2386; x_wconf 92' lang='lat' dir='ltr'>lio</span> <span class='ocrx_word' id='word_1_449' title='bbox 973 2356 1178 2392; x_wconf 85' lang='lat' dir='ltr'>Hortensius,</span> <span class='ocrx_word' id='word_1_450' title='bbox 1189 2356 1265 2387; x_wconf 77' lang='lat' dir='ltr'>ideo</span> <span class='ocrx_word' id='word_1_451' title='bbox 1283 2357 1366 2389; x_wconf 86' lang='lat' dir='ltr'>vidit</span> <span class='ocrx_word' id='word_1_452' title='bbox 1383 2358 1534 2391; x_wconf 83' lang='lat' dir='ltr'>Crassum</span> <span class='ocrx_word' id='word_1_453' title='bbox 1551 2366 1583 2391; x_wconf 90' lang='lat' dir='ltr'>et</span> <span class='ocrx_word' id='word_1_454' title='bbox 1600 2361 1655 2392; x_wconf 84' lang='lat' dir='ltr'>M·</span> 
     </span>
     <span class='ocr_line' id='line_1_66' title="bbox 909 2400 1657 2442; baseline 0.008 -12"><span class='ocrx_word' id='word_1_455' title='bbox 909 2400 1108 2438; x_wconf 80' lang='lat' dir='ltr'>Antonium,</span> <span class='ocrx_word' id='word_1_456' title='bbox 1132 2400 1188 2442; x_wconf 85' lang='lat' dir='ltr'>qui</span> <span class='ocrx_word' id='word_1_457' title='bbox 1213 2400 1272 2432; x_wconf 87' lang='lat' dir='ltr'>soli</span> <span class='ocrx_word' id='word_1_458' title='bbox 1294 2403 1449 2433; x_wconf 79' lang='lat' dir='ltr'>Oratores</span> <span class='ocrx_word' id='word_1_459' title='bbox 1472 2402 1614 2437; x_wconf 82' lang='lat' dir='ltr'>Romani</span> <span class='ocrx_word' id='word_1_460' title='bbox 1636 2410 1657 2439; x_wconf 65' lang='grc' dir='ltr'><strong>ἰ</strong></span> 
     </span>
     <span class='ocr_line' id='line_1_67' title="bbox 911 2444 1655 2490; baseline 0.009 -15"><span class='ocrx_word' id='word_1_461' title='bbox 911 2445 1067 2477; x_wconf 84' lang='lat' dir='ltr'>Cicerone</span> <span class='ocrx_word' id='word_1_462' title='bbox 1079 2444 1202 2476; x_wconf 85' lang='lat' dir='ltr'>laudati</span> <span class='ocrx_word' id='word_1_463' title='bbox 1219 2454 1305 2484; x_wconf 89' lang='lat' dir='ltr'>sunt,</span> <span class='ocrx_word' id='word_1_464' title='bbox 1319 2457 1461 2489; x_wconf 83' lang='lat' dir='ltr'>quosque</span> <span class='ocrx_word' id='word_1_465' title='bbox 1471 2447 1538 2490; x_wconf 85' lang='lat' dir='ltr'>ipse</span> <span class='ocrx_word' id='word_1_466' title='bbox 1550 2448 1583 2480; x_wconf 85' lang='lat' dir='ltr'>in</span> <span class='ocrx_word' id='word_1_467' title='bbox 1595 2448 1655 2483; x_wconf 85' lang='lat' dir='ltr'>lib.</span> 
     </span>
     <span class='ocr_line' id='line_1_68' title="bbox 910 2489 1655 2536; baseline 0.009 -16"><span class='ocrx_word' id='word_1_468' title='bbox 910 2489 951 2520; x_wconf 84' lang='lat' dir='ltr'>de</span> <span class='ocrx_word' id='word_1_469' title='bbox 988 2491 1081 2521; x_wconf 83' lang='lat' dir='ltr'>Orat·</span> <span class='ocrx_word' id='word_1_470' title='bbox 1117 2489 1296 2522; x_wconf 82' lang='lat' dir='ltr'>introduxit</span> <span class='ocrx_word' id='word_1_471' title='bbox 1310 2502 1318 2521; x_wconf 73' lang='grc' dir='ltr'><strong><em>ε</em></strong></span> <span class='ocrx_word' id='word_1_472' title='bbox 1347 2498 1379 2522; x_wconf 89' lang='lat' dir='ltr'>et</span> <span class='ocrx_word' id='word_1_473' title='bbox 1406 2501 1486 2534; x_wconf 84' lang='lat' dir='ltr'>quos</span> <span class='ocrx_word' id='word_1_474' title='bbox 1514 2493 1655 2536; x_wconf 75' lang='lat' dir='ltr'>majores</span> 
     </span>
     <span class='ocr_line' id='line_1_69' title="bbox 911 2533 1403 2566; baseline 0.002 -1"><span class='ocrx_word' id='word_1_475' title='bbox 911 2533 1091 2566; x_wconf 88' lang='lat' dir='ltr'>Hortensio</span> <span class='ocrx_word' id='word_1_476' title='bbox 1108 2533 1236 2566; x_wconf 88' lang='lat' dir='ltr'>videtur</span> <span class='ocrx_word' id='word_1_477' title='bbox 1252 2534 1403 2566; x_wconf 84' lang='lat' dir='ltr'>indicare·</span> 
     </span>
    </p>

    <p class='ocr_par' dir='ltr' id='par_1_21' title="bbox 909 2577 1654 2666">
     <span class='ocr_line' id='line_1_70' title="bbox 954 2577 1654 2622; baseline 0.007 -14"><span class='ocrx_word' id='word_1_478' title='bbox 954 2580 983 2610; x_wconf 88' lang='lat'>9.</span> <span class='ocrx_word' id='word_1_479' title='bbox 1001 2580 1129 2610; x_wconf 81' lang='lat' dir='ltr'>Causam</span> <span class='ocrx_word' id='word_1_480' title='bbox 1144 2577 1319 2622; x_wconf 69' lang='lat' dir='ltr'>receptam]</span> <span class='ocrx_word' id='word_1_481' title='bbox 1354 2578 1553 2622; x_wconf 79' lang='lat' dir='ltr'>Suscipimus</span> <span class='ocrx_word' id='word_1_482' title='bbox 1578 2592 1654 2617; x_wconf 78' lang='lat' dir='ltr'>nos-</span> 
     </span>
     <span class='ocr_line' id='line_1_71' title="bbox 909 2622 1420 2666; baseline 0 -12"><span class='ocrx_word' id='word_1_483' title='bbox 909 2625 959 2655; x_wconf 66' lang='lat' dir='ltr'>tra</span> <span class='ocrx_word' id='word_1_484' title='bbox 974 2631 1101 2666; x_wconf 87' lang='lat' dir='ltr'>sponte,</span> <span class='ocrx_word' id='word_1_485' title='bbox 1116 2622 1288 2665; x_wconf 83' lang='lat' dir='ltr'>recipimus</span> <span class='ocrx_word' id='word_1_486' title='bbox 1305 2623 1420 2665; x_wconf 78' lang='lat' dir='ltr'>rogati·</span> 
     </span>
    </p>

    <p class='ocr_par' dir='ltr' id='par_1_22' title="bbox 908 2667 1655 2791">
     <span class='ocr_line' id='line_1_72' title="bbox 958 2667 1652 2715; baseline 0.012 -19"><span class='ocrx_word' id='word_1_487' title='bbox 958 2668 992 2697; x_wconf 83' lang='lat'>17</span> <span class='ocrx_word' id='word_1_488' title='bbox 998 2692 1004 2698; x_wconf 93' lang='lat'>.</span> <span class='ocrx_word' id='word_1_489' title='bbox 1031 2667 1205 2699; x_wconf 79' lang='lat' dir='ltr'>Periculum</span> <span class='ocrx_word' id='word_1_490' title='bbox 1210 2667 1344 2711; x_wconf 62' lang='lat' dir='ltr'>fecisti]</span> <span class='ocrx_word' id='word_1_491' title='bbox 1368 2668 1405 2700; x_wconf 85' lang='lat' dir='ltr'>Id</span> <span class='ocrx_word' id='word_1_492' title='bbox 1420 2675 1478 2708; x_wconf 86' lang='lat' dir='ltr'>est,</span> <span class='ocrx_word' id='word_1_493' title='bbox 1491 2667 1566 2703; x_wconf 40' lang='lat' dir='ltr'>*tute</span> <span class='ocrx_word' id='word_1_494' title='bbox 1582 2670 1652 2715; x_wconf 75' lang='lat' dir='ltr'>ipse</span> 
     </span>
     <span class='ocr_line' id='line_1_73' title="bbox 908 2711 1655 2755; baseline 0.009 -13"><span class='ocrx_word' id='word_1_495' title='bbox 908 2712 1052 2750; x_wconf 71' lang='lat' dir='ltr'>tentasti,</span> <span class='ocrx_word' id='word_1_496' title='bbox 1069 2711 1198 2755; x_wconf 87' lang='lat' dir='ltr'>quando</span> <span class='ocrx_word' id='word_1_497' title='bbox 1215 2718 1247 2742; x_wconf 90' lang='lat' dir='ltr'>te</span> <span class='ocrx_word' id='word_1_498' title='bbox 1267 2712 1449 2754; x_wconf 80' lang='lat' dir='ltr'>exercuisti,</span> <span class='ocrx_word' id='word_1_499' title='bbox 1462 2717 1600 2755; x_wconf 76' lang='lat' dir='ltr'>secreto,</span> <span class='ocrx_word' id='word_1_500' title='bbox 1621 2724 1655 2749; x_wconf 87' lang='lat' dir='ltr'>et</span> 
     </span>
     <span class='ocr_line' id='line_1_74' title="bbox 909 2754 1262 2791; baseline -0.003 -2"><span class='ocrx_word' id='word_1_501' title='bbox 909 2764 1053 2791; x_wconf 75' lang='lat' dir='ltr'>remotus</span> <span class='ocrx_word' id='word_1_502' title='bbox 1067 2757 1107 2790; x_wconf 73' lang='lat' dir='ltr'>ab</span> <span class='ocrx_word' id='word_1_503' title='bbox 1124 2754 1262 2789; x_wconf 76' lang='lat' dir='ltr'>arbitris.</span> 
     </span>
    </p>
   </div>
   <div class='ocr_carea' id='block_1_14' title="bbox 1529 2888 1658 2943">
    <p class='ocr_par' dir='ltr' id='par_1_23' title="bbox 1529 2888 1658 2943">
     <span class='ocr_line' id='line_1_75' title="bbox 1529 2888 1658 2943; baseline -0.016 -9"><span class='ocrx_word' id='word_1_504' title='bbox 1529 2888 1658 2943; x_wconf 79' lang='lat' dir='ltr'>venit,</span> 
     </span>
    </p>
   </div>
   <div class='ocr_carea' id='block_1_15' title="bbox 1671 133 1718 171">
    <p class='ocr_par' dir='ltr' id='par_1_24' title="bbox 1671 133 1718 171">
     <span class='ocr_line' id='line_1_76' title="bbox 1671 133 1718 171; baseline 0.064 -3"><span class='ocrx_word' id='word_1_505' title='bbox 1671 133 1718 171; x_wconf 75' lang='lat'>11</span> 
     </span>
    </p>
   </div>
  </div>
 </body>
</html>
