1872 3135
126 123 178 158 10
599 119 667 161 M.
699 120 906 162 TULLII
938 119 1262 165 CICERONIS

197 227 324 289 modo
342 231 726 289 persequendijuris
759 231 836 283 sui,
860 233 925 273 sed
945 233 1064 275 etiam
1087 234 1343 290 deplorandae
1363 231 1605 276 calamitatis
1622 234 1712 277 adi-

196 298 278 325 mis
307 291 577 340 potestatem?
625 291 757 340 Nam,
792 299 830 330 te
859 299 1007 342 actore,
1031 307 1155 347 quem
1177 307 1319 333 eorum
1337 290 1557 333 affuturum
1579 305 1712 347 putaS,

146 380 153 386 ,
197 356 302 396 quos
323 342 530 402 intelligis,
563 361 663 396 non,
693 357 736 387 ut
764 360 834 402 per
865 356 902 388 te
923 347 1068 399 alium,
1090 349 1158 390 sed
1180 359 1225 390 ut
1245 364 1316 406 per
1335 347 1513 405 aliquem
1535 349 1713 406 teipsum

198 398 464 454 ulciscamur,
487 403 694 444 laborare?

436 526 729 569 SECUNDA
760 527 903 570 PARS
937 525 1484 571 CONFIRMATIONIS.

197 629 325 672 Quod
341 631 486 672 Verres
507 630 684 674 minime
707 631 801 675 velit
822 631 1070 674 Ciceronem
1091 640 1386 683 accusatorem,
1408 629 1591 672 maxime
1612 632 1711 674 Coe-

879 689 1034 731 cilium.

249 773 330 814 VI.
362 773 422 815 At
441 774 550 816 enim
574 775 711 818 solum
732 775 772 818 id
793 785 868 828 est,
890 785 935 817 ut
956 792 1023 817 me
1050 775 1177 817 Siculi
1208 775 1389 817 maxime
1423 775 1549 818 velint
1569 795 1578 819 ε
1611 776 1715 821 alte-

193 844 287 871 rum
310 829 411 872 illud
433 833 551 873 credo
571 834 793 875 obscurum
816 845 889 886 est,
915 835 939 874 a.
959 849 1043 890 quo
1073 835 1220 875 Verres
1248 832 1426 874 minime
1462 847 1503 875 se
1532 835 1715 879 accusari

194 886 303 928 velit.
364 889 521 946 Ecquis
541 906 723 947 unquam
748 902 829 933 tam
853 892 987 947 palam
1011 890 1058 931 de
1079 891 1250 941 bonore,
1281 900 1363 931 tam
1386 891 1647 934 vehementer
1665 894 1716 935 de

194 943 323 986 salute
356 950 429 988 sua
467 948 694 1000 contendit,
731 949 858 1004 quam
895 947 980 1000 ille,
1014 959 1134 1004 atque
1173 947 1281 988 illius
1313 946 1452 998 amici,
1481 958 1599 990 utne
1619 951 1712 993 baec

120 1013 127 1017 ·
150 1018 174 1051 5
195 1001 300 1043 mihi
321 1009 336 1027 ³
355 1003 500 1045 delatio
521 1006 662 1048 detur?
718 1005 819 1046 Sunt
852 1005 997 1057 multa,
1032 1021 1127 1061 qua:
1161 1006 1308 1046 Verres
1337 1004 1380 1045 in
1409 1020 1478 1046 me
1497 1018 1582 1047 esse
1603 1007 1714 1049 arbi-

195 1069 336 1111 tratur,
373 1076 465 1117 quae
507 1062 583 1103 scit
621 1062 666 1104 in
697 1072 750 1113 te,
772 1064 831 1105 Q..
856 1062 1019 1114 Caecili,
1042 1077 1125 1103 non
1147 1077 1259 1103 esse:
1294 1077 1388 1118 quae
1415 1062 1648 1119 cujusmodi
1668 1063 1714 1119 in

193 1125 366 1172 utroque
386 1122 573 1160 nostrum
596 1119 692 1171 sint,
715 1119 837 1176 paulo
858 1122 950 1176 post
976 1119 1330 1161 commemorabo.
1389 1120 1520 1161 Nunc
1548 1122 1711 1164 tantum

192 1172 234 1214 id
274 1175 425 1226 dicam,
468 1177 578 1231 quod
614 1177 760 1218 tacitus
795 1186 840 1219 tu
860 1176 966 1218 mihi
1002 1177 1235 1229 assentiare,
1274 1176 1431 1218 nullam
1468 1191 1553 1219 rem
1582 1177 1715 1222 inme

192 1245 293 1283 esse,
316 1247 441 1288 quam
464 1232 530 1274 ille
551 1244 816 1276 contemnat:
849 1235 1008 1277 nullam
1026 1235 1069 1276 in
1085 1243 1140 1286 te,
1162 1250 1286 1290 quam
1309 1233 1584 1289 pertimescat.
1631 1235 1714 1278 Ita-

123 1303 175 1339 10
193 1303 271 1344 que
292 1305 466 1347 magnus
487 1290 553 1332 ille
572 1291 774 1343 defensor,
797 1301 835 1333 et
856 1292 1013 1333 amicus
1035 1292 1139 1349 ejus,
1170 1292 1246 1333 tibi
1281 1291 1530 1334 Hortensius
1565 1291 1712 1335 suffra-

191 1356 324 1402 gatur,
346 1363 414 1389 me
434 1358 645 1405 oppugnat
664 1366 674 1390 τ
709 1351 845 1404 aperte
870 1350 919 1391 ab
941 1348 1159 1391 Judicibus
1179 1348 1295 1404 petit,
1320 1359 1364 1391 ut
1385 1360 1429 1390 tu
1455 1347 1560 1390 mihi
1593 1358 1710 1392 ante·
1744 1349 1747 1352 ’

190 1418 365 1458 ponare:
400 1415 439 1447 et
471 1406 525 1446 ait
557 1408 635 1447 boc
668 1421 709 1447 se
739 1407 908 1448 honeste
933 1406 1020 1448 sine
1039 1407 1124 1448 ulla
1143 1406 1314 1458 invidia,
1337 1422 1383 1448 ac
1405 1405 1491 1448 sine
1508 1405 1625 1450 ullab
1643 1406 1711 1448 of-

190 1460 378 1503 fensione
413 1463 676 1507 contendere.
730 1465 833 1505 &Ion
858 1463 987 1515 enim,
1009 1464 1164 1520 inquit,
1190 1464 1289 1504 illud
1321 1473 1430 1519 pet0,
1451 1464 1561 1520 quod
1584 1463 1712 1518 soleo,

192 1520 291 1560 cum
320 1521 605 1562 vehementius
637 1521 846 1572 contendi,
875 1523 1121 1576 impetrare3
1155 1535 1245 1562 reus
1267 1531 1311 1562 ut
1341 1520 1593 1574 absolvatur,
1623 1537 1716 1565 non

122 1591 170 1625 15
193 1585 284 1630 peto
302 1593 311 1617 ε
346 1578 429 1629 sed,
450 1588 498 1619 ut
516 1578 566 1620 ab
590 1580 669 1619 hoc
691 1579 828 1633 potius
848 1581 976 1634 quam
996 1579 1046 1620 ab
1084 1578 1153 1619 illo
1168 1587 1394 1629 accusetur,
1411 1577 1450 1618 id
1466 1587 1574 1634 peto.
1642 1580 1714 1622 Da

191 1632 298 1674 mihi
329 1634 435 1676 hoc:
477 1636 671 1688 concede,
695 1636 805 1692 quod
837 1635 956 1677 facile
993 1645 1069 1687 est,
1090 1637 1199 1691 quod
1222 1637 1458 1686 honestum,
1493 1635 1604 1693 quod
1619 1651 1711 1680 non

189 1689 440 1733 invidiosum
461 1709 471 1733 ε
521 1693 630 1749 quod
680 1696 778 1734 cum
821 1692 992 1743 dederis,
1033 1693 1121 1734 sine
1158 1692 1240 1734 ullo
1277 1701 1347 1734 tuo
1378 1692 1575 1748 periculo,
1623 1692 1712 1735 sine

187 1746 361 1789 infamia
390 1749 486 1791 illud
519 1749 691 1802 dederis,
723 1759 769 1791 ut
799 1750 832 1791 is
864 1750 1109 1801 absolvatur,
1143 1751 1262 1807 cujus
1292 1765 1366 1806 ego
1397 1751 1522 1792 causa
1549 1748 1706 1794 laboro.

189 1805 246 1846 Et
264 1805 322 1853 ait
340 1805 466 1860 idem,
488 1816 533 1848 ut
555 1806 702 1864 aliquis
720 1817 856 1849 metus
882 1807 1100 1864 adjunctus
1122 1806 1173 1848 sit
1192 1807 1240 1848 ad
1261 1807 1452 1864 gratiam,
1474 1816 1605 1849 certos
1626 1822 1714 1850 esse

115 1878 172 1912 ρο
190 1860 235 1903 in
265 1863 456 1914 consilio,
491 1864 642 1921 quibus
676 1864 834 1906 ostendi
863 1865 1032 1906 tabellas
1055 1864 1177 1906 velit:
1210 1865 1250 1906 id
1271 1880 1356 1905 esse
1376 1864 1592 1919 perfacile3
1624 1879 1712 1908 nou

184 1918 505 1978 ‚enimrsingulos
525 1921 626 1964 ferre
656 1921 891 1974 sententias,
926 1922 994 1965 sed
1030 1922 1240 1964 universos
1272 1922 1542 1965 constituere:
1593 1937 1708 1969 cera-

554 2071 569 2089 ³
582 2066 774 2103 accusatio.

235 2203 284 2234 10.
300 2203 439 2244 Magnus
448 2205 605 2247 defensor]
630 2203 824 2235 Hortensius
835 2215 926 2246 mag-

188 2258 248 2278 nus
272 2246 417 2280 defensor
443 2248 461 2279 a
487 2249 641 2280 Cicerone
657 2248 847 2291 appellatur,
862 2259 926 2280 non

189 2291 265 2333 quia
300 2292 421 2323 multos
455 2292 610 2330 defendit,
648 2293 703 2324 sed
745 2293 818 2334 quia
841 2293 926 2324 hunc

186 2334 350 2378 praecipue
366 2338 507 2369 Verrem
531 2337 620 2369 omni
644 2341 740 2380 opera
756 2337 925 2369 defendere

185 2387 329 2411 conatur.

238 2424 284 2455 13.
301 2425 376 2455 Νοη
390 2425 480 2461 enim,
496 2425 604 2466 inquit,
619 2425 696 2455 illud
706 2425 799 2467 peta]
823 2425 925 2457 Etho-

187 2467 271 2509 poeia
306 2469 473 2500 Hortensii
500 2469 540 2500 ad
568 2469 652 2500 illius
681 2469 927 2510 improbitatem

185 2511 219 2543 in
229 2511 358 2554 judiciis
373 2513 616 2557 corrumpendis
629 2513 867 2544 ostendendam.

234 2555 281 2585 15.
298 2556 350 2586 Da
369 2557 466 2599 mihi]
502 2557 611 2600 Fingit
639 2557 752 2589 Cicero
780 2558 926 2588 Horten-

183 2598 267 2630 sium
282 2598 315 2630 id
331 2600 448 2639 dicere,
465 2601 624 2644 corruptis
647 2601 781 2645 pecunia
802 2601 920 2643 judici-

183 2643 252 2675 bus.

232 2689 278 2718 19.
295 2686 402 2725 ,Μειιιε
416 2689 569 2727 adjunctus
582 2689 648 2733 sit.]
693 2689 731 2721 ld
761 2688 829 2731 agit
852 2699 922 2720 cor-

181 2739 308 2773 ruptor,
324 2739 360 2762 ut
381 2733 538 2774 gratiosus
556 2733 653 2774 judex
667 2744 732 2764 non
748 2731 849 2764 solum
865 2744 920 2764 ve-

181 2775 220 2806 lit
242 2775 485 2819 servare-fidem
509 2787 565 2808 suo
589 2777 782 2819 corruptori,
807 2775 920 2808 veriam

179 2819 278 2852 etiam
294 2818 415 2862 aliquid
441 2820 568 2860 habeat,
591 2831 647 2853 eur
662 2821 714 2853 vel
729 2821 849 2854 invitus
865 2832 919 2861 co-,

1088 2063 1104 2091 b
1118 2064 1472 2116 iigfamicipostzclare.

970 2212 1066 2246 gatur
1093 2203 1133 2235 ad
1164 2202 1404 2235 custodiendam
1429 2203 1611 2246 pactionem
1633 2217 1710 2249 pro-

971 2249 1073 2279 missae
1089 2247 1106 2278 ὲ
1124 2259 1154 2279 se
1171 2248 1296 2290 gratiae.
1718 2277 1722 2280 ,

1015 2293 1065 2323 ⁸20.
1085 2293 1209 2323 Ostendi
1229 2291 1352 2322 tabellae
1377 2290 1470 2334 velih]
1515 2292 1711 2333 Hortensius

972 2336 1086 2373 voluit,
1097 2345 1131 2367 ut
1150 2336 1197 2367 illi
1209 2336 1331 2377 judices
1346 2336 1489 2377 corrupti
1505 2336 1629 2370 tabulas
1640 2338 1710 2380 pri-

970 2379 1007 2411 us
1022 2381 1238 2418 ostenderent,
1254 2379 1352 2422 quam
1368 2379 1401 2410 in
1418 2391 1513 2411 urnas
1524 2381 1707 2415 mitterent.

970 2426 1051 2456 Erat
1065 2432 1172 2456 autern
1193 2424 1309 2466 duplex
1324 2424 1407 2455 ratio
1427 2423 1568 2457 ferendae
1582 2434 1710 2458 senten·

971 2469 1037 2501 tiae.
1087 2469 1226 2511 Qando
1239 2479 1337 2511 parva
1349 2475 1417 2500 erat
1430 2479 1579 2506 causa‚ex
1590 2469 1710 2502 tabulis

971 2523 1063 2544 suum
1086 2513 1243 2554 judicium
1269 2510 1534 2555 pronunciabant,
1566 2525 1597 2544 v.
1622 2525 1656 2556 g.
1684 2514 1712 2547 si

971 2556 1183 2595 absolverent,
1215 2555 1444 2599 imprimebant
1474 2568 1553 2589 cerae
1579 2557 1708 2590 literam

966 2603 1013 2633 A:
1040 2600 1065 2632 si
1081 2601 1282 2637 damnarent,
1294 2601 1336 2632 C:
1354 2600 1380 2631 si
1396 2600 1603 2642 ampliabant,
1616 2603 1659 2634 N.
1670 2603 1708 2635 L.

965 2656 1082 2687 nempe
1102 2645 1192 2687 quod
1216 2642 1329 2687 parurn
1354 2644 1504 2686 liqueret,
1527 2653 1559 2677 et
1586 2646 1707 2678 iterum

967 2689 1020 2730 agi
1037 2699 1162 2720 causam
1178 2697 1337 2730 optarent.
1383 2688 1416 2719 si
1431 2691 1511 2720 vero
1524 2700 1641 2732 magna
1657 2701 1707 2723 es-

965 2741 1011 2763 set
1024 2744 1116 2767 causa
1129 2740 1160 2764 et
1177 2732 1344 2770 invidiosa,
1356 2731 1535 2765 scribebant
1549 2744 1619 2767 suas
1633 2744 1706 2766 sen·

964 2778 1090 2813 tentias,
1121 2785 1152 2808 et
1183 2775 1372 2808 cumulatim
1401 2778 1543 2818 praeconi
1572 2777 1706 2816 dabant,

964 2820 1020 2865 qui
1035 2820 1068 2852 in
1086 2831 1199 2854 urnam
1209 2831 1261 2853 eas
1276 2819 1477 2864 conjiciebat.

1618 2872 1705 2908 tam
