1872 3135
195 172 247 213 70
678 171 744 211 M.
776 169 979 210 TULLII

198 283 248 321 65
265 281 442 322 Roman.
465 280 605 336 capitis
625 281 886 322 condemnari
907 281 1057 338 coegit.

1013 170 1331 214 CICERONIS

1115 282 1179 323 Tu
1199 283 1303 324 mihi
1323 284 1443 324 etiam
1466 282 1563 338 legis
1587 282 1756 332 Porciae,

267 346 311 378 tu
335 338 382 379 C
407 338 514 379 (ἓν-3(
518 338 600 389 chi,
624 348 666 378 tu
688 338 836 378 horum
856 338 954 379 libel
958 348 1063 389 tat1=
1097 347 1140 378 tu
1160 340 1404 396 cujusquam
1424 340 1598 396 denique
1618 338 1755 380 homi-

259 393 325 436 nis
346 395 547 456 popularis
568 394 821 434 mentionem
837 394 950 446 facis,
973 395 1043 450 qui
1064 409 1147 434 non
1168 397 1292 438 modo
1313 396 1548 451 suppliciis
1541 412 1630 437 mus
1636 396 1759 445 itatiS,

262 452 330 492 sed
350 450 471 491 etiam
494 450 706 491 verborum
738 450 920 491 inaudita
952 450 1185 491 crudelitate
1220 453 1366 493 violare
1393 454 1618 494 libertatem
1638 452 1760 508 hujus

262 507 417 563 populi,
432 515 445 531 ⁰
465 515 615 547 tentaic
632 508 1002 557 mansuetudinem,

198 566 333 616 Joes?
368 565 563 618 Namque
585 563 677 603 haec
710 572 792 614 tua,
831 579 921 619 quae
943 575 980 604 te

265 635 343 676 que
377 620 601 661 delectant:

637 621 672 670 Ι,
707 621 940 671 LICTOR,
964 631 969 646 ἴ
994 620 1262 661 COLLIGA
1283 623 1528 663 MANUS:

1021 517 1273 548 commutare
1304 509 1559 563 disciplinam
1590 517 1759 550 conatus

1003 563 1214 603 hominem
1235 563 1477 606 clementem
1498 565 1756 620 popularem·

1561 637 1653 677 quae
1672 637 1758 662 non

261 677 388 718 modo
408 676 529 732 hujus
547 676 756 726 libertatis,
779 676 1182 732 mansuetudinisque
1198 691 1282 717 non
1303 687 1412 728 sunt,
1435 678 1502 719 sed
1523 693 1574 718 ne
1593 677 1760 726 Romuli

263 733 444 789 quidem,
467 744 535 774 aut
571 734 728 775 Numae
750 734 968 789 Pompilii:

261 789 464 831 crudelis>
447 790 528 831 imi
548 805 615 836 I‘Css'
619 790 650 830 iS
669 791 742 831 1313.
757 800 852 830 sunt
867 793 1070 833 cruciatus
1087 805 1292 832 carmlua·

571 847 838 888 libentissime
870 861 1183 897 commemoraS,
1215 848 1413 889 CAPUT
1433 847 1758 898 OBNUBITO‚

194 864 215 904 7
222 866 243 899 5
261 861 307 887 ac
328 845 550 901 popularis,

1003 733 1069 774 sed
1088 732 1301 795 Tarquinii
1323 733 1616 789 superbissimi,
1638 743 1758 790 atque

1326 807 1419 847 quae
1436 801 1479 831 tu
1496 791 1624 831 homo
1641 790 1758 841 lenis,

257 904 478 945 ARBORI
503 904 765 944 INFELICI
803 904 1361 946 SUSPENDITO.Q11ae
1392 905 1526 954 verba,
1559 904 1757 954 Quirites,

250 961 341 1024 jam
365 960 545 1015 pridem
539 975 578 1000 in
602 961 677 1000 hac
711 960 851 1014 repub.
888 975 971 1000 non

1005 959 1139 1000 solum
1171 960 1342 1002 tenebris
1371 960 1594 1012 vetustatis,
1615 961 1758 1003 verum

257 1016 380 1058 etiam
401 1017 489 1057 lucc
508 1016 702 1058 libertatis
722 1031 911 1081 oppressa
931 1027 1035 1057 sunt.

316 1075 396 1115 111.
417 1074 487 1115 An
510 1075 618 1124 vero,
637 1072 669 1113 si
689 1075 794 1114 actio
817 1074 890 1114 ista
909 1071 1115 1129 popularis
1132 1082 1250 1125 esset,
1268 1083 1308 1115 et
1322 1072 1352 1114 si
1373 1073 1503 1115 ullam
1521 1082 1678 1128 partem
1697 1090 1758 1115 ἐε-

260 1129 426 1186 quitatis
446 1129 607 1170 haberet
637 1145 684 1170 at
693 1139 706 1170 t
718 1129 839 1186 juris,
864 1131 911 1171 C.
946 1131 1160 1171 Gracchus
1190 1145 1281 1172 eam
1315 1130 1574 1186 reliquisset?
1607 1129 1761 1171 scilicet

258 1187 334 1228 tibi
354 1185 578 1249 graviorem
598 1187 778 1228 dolmem
799 1187 930 1251 patrui
951 1185 1009 1228 tui
1030 1201 1141 1228 mors
1163 1187 1311 1238 attulit,
1335 1202 1460 1243 quam
1483 1187 1536 1229 C.
1567 1186 1760 1228 Graccho

257 1235 418 1286 fratris:

452 1252 491 1284 et
506 1242 578 1284 tibi
595 1243 774 1284 acerbior
786 1243 819 1300 ej
827 1260 872 1284 us
890 1242 1019 1299 patrui
1039 1259 1150 1284 mors
1163 1254 1221 1285 est
1236 1259 1358 1300 quem
1371 1258 1592 1308 'nunquam
1608 1242 1759 1292 vidisti,

213 1323 238 1356 5
257 1315 383 1357 quam
404 1299 463 1342 illi
482 1299 569 1357 ejus
600 1299 748 1353 status,
779 1316 950 1357 qulcum
989 1300 1307 1343 concordissimi:
1342 1301 1520 1343 vixerat.
1553 1309 1594 1341 et
1612 1299 1759 1343 similis

815 1431 830 1447 ‘³
844 1426 971 1461 tollere.

249 1542 325 1575 birii
352 1542 509 1574 defensio:
533 1553 608 1574 nam
637 1554 700 1574 non
726 1538 834 1576 dicunt
856 1553 982 1574 causam

250 1587 306 1629 qui
323 1597 433 1617 contra
449 1586 534 1628 leges
547 1587 749 1619 damnantur.

295 1633 346 1662 71.
360 1631 390 1666 J,
405 1630 521 1667 Lictor‚
535 1631 609 1672 δία]
627 1631 774 1662 Formula
785 1630 846 1662 fuit
860 1629 984 1672 judicii,

247 1674 336 1715 quod
363 1673 525 1705 ferebatur
541 1678 558 1704 a
575 1675 764 1706 Duumviris
777 1674 809 1705 in
826 1685 895 1705 reos
910 1684 983 1716 per-

245 1716 425 1749 duellionis

290 1762 343 1790 5⁴..
313 1763 331 1779 ³
361 1761 481 1792 Romuli
490 1762 615 1802 quidem,
635 1767 688 1792 aut
703 1761 836 1803 Nurum]
851 1760 895 1791 Hi
912 1759 980 1802 pri-

246 1804 294 1835 mi
310 1803 454 1836 omnium
466 1804 593 1847 Regum
604 1806 825 1835 Romanorum
840 1804 981 1841 fuerunt,

246 1848 333 1890 iique
350 1847 584 1879 clementissimi
599 1847 768 1890 Principes.

291 1893 343 1920 73.
362 1892 418 1921 Sed
434 1892 600 1932 Tarquinii.
604 1891 616 1930 ]
628 1894 754 1922 Auctor
766 1890 850 1922 illius
859 1898 982 1922 senten-

249 1935 304 1968 tiae
320 1933 382 1967 fuit
390 1933 507 1966 Tullus
521 1934 702 1966 Hostilius'
694 1946 726 1966 m
737 1936 858 1980 judicio
876 1935 982 1966 Hora-

249 1979 424 2015 tianorum,
433 1989 496 2010 non
509 1978 721 2020 Tarquinius3
745 1979 798 2010 sed
811 1989 881 2010 eam
894 1979 921 2009 ei
935 1986 982 2008 at-

248 2021 375 2059 tribuit,
392 2022 478 2064 quod
494 2033 563 2052 eam
578 2032 636 2064 per
655 2032 812 2053 summam
839 2033 873 2063 ty
876 2022 982 2052 tanni—

249 2066 323 2099 dem
339 2076 415 2107 erga
431 2065 516 2096 cives
531 2067 626 2097 Rom.
644 2077 725 2107 saepc
741 2077 776 2097 us
779 2068 854 2108 ιιι-ΡΞ
842 2075 917 2097 rat.

290 2107 517 2141 ⁷4.cr11u·acus
535 2109 694 2152 carmina]
712 2109 748 2140 ld
763 2120 794 2140 es
797 2117 820 2146 t,
838 2118 911 2140 sunt
923 2120 980 2140 vo-

245 2165 308 2191 ces,
319 2152 466 2184 formulae
481 2161 512 2183 et
529 2160 647 2183 cantus.
696 2154 834 2184 Carmen
854 2154 941 2184 enim
964 2157 983 2182 a

246 2197 388 2229 canendo
404 2196 525 2227 dictum
539 2204 596 2233 est,
610 2196 677 2226 imo
690 2195 775 2237 leges
791 2204 822 2227 et
835 2197 981 2238 judicum

244 2240 409 2275 sententiae
430 2251 499 2282 quae
527 2251 584 2282 per
610 2250 790 2280 praeconem
806 2240 976 2271 denuncia-

220 2294 225 2297 ·
244 2285 375 2320 bantur,
399 2293 526 2320 carmen
557 2283 723 2326 appellatae
750 2292 833 2315 sunt.
893 2284 976 2315 Vide

243 2327 387 2366 Livium,
404 2327 459 2358 lib.
481 2328 505 2356 Ι.

288 2374 340 2403 75.
359 2371 454 2412 Caput
471 2368 632 2407 obnubilo]
663 2370 700 2401 Id
715 2378 763 2402 est
778 2370 861 2408 vela,
874 2381 913 2402 ne
929 2371 977 2401 vi-

242 2414 360 2447 delicet
386 2421 519 2456 aspectu
541 2412 677 2455 patibuli
701 2424 773 2444 reus
788 2422 974 2452 terreretur,

240 2466 297 2490 aut
312 2458 345 2491 in
361 2468 454 2489 voces
469 2457 680 2498 irrumperet:
701 2457 800 2488 velut
817 2457 976 2500 significa-

240 2510 312 2534 rent
328 2502 397 2536 luce
414 2501 582 2543 indignum
598 2510 673 2531 esse.

280 2547 333 2577 76.
344 2545 453 2576 Arbori
464 2543 602 2585 infelici]
614 2545 677 2574 Per
689 2543 835 2575 arborem
847 2555 974 2575 crucem

238 2588 405 2630 intelligit,
423 2599 494 2630 quae
511 2599 548 2619 ex
564 2587 670 2629 aliquo
690 2587 778 2628 ligno
793 2587 845 2618 vel
861 2588 973 2619 arbore

239 2631 357 2675 infelici
365 2631 630 2676 componebam-5
645 2628 745 2674 porro
755 2631 883 2664 arbores
893 2631 973 2664 infe-

1073 1422 1087 1446 f
1101 1425 1186 1474 liga.

1025 1542 1109 1579 lices,
1129 1550 1258 1573 auctore
1274 1542 1377 1573 Plinio
1393 1552 1461 1583 cap.
1480 1542 1531 1572 27.
1550 1541 1604 1574 lib.
1629 1542 1676 1571 16.
1693 1539 1756 1572 illae

1025 1586 1243 1622 censebantur,
1260 1595 1290 1617 et
1317 1587 1474 1616 damnatae
1495 1585 1664 1626 religione,
1686 1595 1758 1625 quae

1025 1640 1128 1670 neque
1156 1637 1303 1661 seruntur
1329 1640 1480 1670 unquam,
1497 1640 1599 1670 neque
1613 1628 1755 1659 fructum

1024 1673 1131 1704 ferunt
1134 1673 1349 1714 ,vel'quaeDiis
1359 1673 1532 1703 inferorum
1539 1679 1668 1703 sacratae
1675 1681 1757 1702 sunt.

1067 1718 1118 1747 76.
1142 1717 1339 1756 Suspendito]
1365 1716 1506 1747 Funibus
1525 1715 1756 1758 religabantur,

1024 1759 1078 1802 qui
1091 1760 1123 1790 in
1140 1770 1266 1790 crucem
1282 1760 1562 1809 suspendebantur

1068 1806 1118 1834 77.
1149 1803 1287 1834 Tenebris
1315 1804 1477 1840 vetustatis,
1498 1803 1560 1834 luce
1587 1801 1760 1841 libertatis]

1027 1846 1196 1878 Translata
1212 1847 1321 1882 verba,
1330 1847 1430 1878 illuda
1447 1853 1552 1884 nocte,
1562 1846 1645 1877 istud
1659 1849 1675 1875 a
1687 1845 1758 1876 die·
1750 1868 1760 1882 ,

1027 1890 1097 1921 vult
1114 1898 1221 1922 autern
1248 1891 1387 1921 indicare
1402 1890 1472 1921 illas
1487 1890 1668 1921 durissimas
1682 1896 1758 1930 pef-

1027 1934 1197 1965 duellionis
1211 1934 1308 1976 leges,
1327 1934 1398 1965 latis
1414 1934 1505 1965 novis
1516 1940 1548 1965 et
1562 1933 1756 1970 mitioribus,

1025 1979 1205 2020 antiquatas
1219 1988 1294 2008 esse.

1077 2024 1101 2053 1.
1122 2024 1191 2052 {ct
1187 2033 1208 2052 -ο
1233 2023 1300 2052 ista.
1305 2020 1317 2064 ]
1332 2021 1504 2052 Actionem
1528 2019 1680 2062 intelligit
1690 2018 1757 2068 'qua

1028 2065 1152 2097 Rabirii
1169 2065 1247 2096 civis
1271 2065 1365 2096 Rom.
1391 2072 1529 2096 mortem
1554 2062 1755 2106 persequitur

1025 2110 1196 2141 Labienus.

1067 2155 1099 2185 4.
1117 2151 1258 2194 Fratris]
1275 2153 1323 2183 Ex
1348 2151 1397 2183 his
1420 2151 1527 2182 verbis
1550 2150 1597 2182 fas
1619 2156 1665 2181 est
1681 2157 1754 2181 con·

1022 2197 1121 2238 jicere
1138 2196 1376 2239 QLabienum
1399 2195 1470 2227 Titi
1495 2201 1659 2236 patruum,
1683 2201 1753 2224 tum

1020 2239 1319 2280 Tribunum-plebis
1341 2239 1446 2276 fuisse,
1467 2239 1594 2280 quando
1609 2247 1682 2268 cum
1700 2238 1754 2267 Sa·

1020 2284 1151 2315 turnino
1162 2284 1281 2313 occisus
1291 2290 1351 2320 est3
1368 2283 1431 2313 duo
1441 2289 1548 2313 autem
1556 2280 1694 2312 Gracchi
1705 2280 1755 2311 fu·

1021 2335 1115 2358 erunt
1131 2327 1256 2363 fratres,
1285 2325 1445 2357 Tiberius
1452 2332 1484 2356 et
1501 2324 1603 2356 Caius
1617 2331 1753 2365 uterque

1021 2370 1199 2407 seditiosus,
1223 2377 1358 2411 uterque
1373 2367 1552 2400 Tribunus·
1553 2367 1666 2417 plebis,
1686 2367 1753 2409 pri·
1774 2387 1778 2395 .

1020 2425 1091 2445 mus
1115 2424 1187 2445 cum
1203 2413 1320 2444 iterum
1346 2412 1512 2444 Tribunus
1527 2411 1626 2443 creari
1643 2410 1751 2447 vellet,

1021 2458 1135 2489 Nasica
1160 2464 1299 2493 auctore,
1327 2455 1408 2487 alter
1438 2466 1458 2487 a
1484 2455 1588 2487 Lucio
1618 2454 1757 2497 Opimio-

1018 2501 1145 2533 consule
1161 2500 1345 2531 interfectus
1361 2507 1416 2530 est.

1061 2549 1090 2576 5.
1106 2545 1149 2575 Et
1162 2543 1291 2586 similis]
1308 2545 1379 2574 Vox
1396 2543 1466 2580 ista,
1495 2543 1525 2573 F
1527 2548 1551 2579 t
1571 2541 1750 2584 interroga-

1016 2588 1083 2620 rive
1113 2588 1254 2630 ponitur
1310 2586 1361 2618 Sic
1384 2587 1469 2628 apud
1495 2586 1591 2627 Virg.
1616 2585 1661 2616 Et
1682 2595 1749 2627 quoe

1016 2637 1102 2665 tanta
1108 2633 1175 2670 suzt
1195 2631 1319 2663 Romam
1334 2630 1390 2662 tihi
1404 2640 1494 2662 causa
1505 2597 1646 2661 uedegndi?

1653 2895 1729 2940 viri
