1872 3135
592 98 820 143 ORATIO
853 97 921 141 IN
953 100 1010 143 Q.
1044 96 1384 142 CAECILIUM.

197 215 446 272 unaquaque
463 229 503 255 re
520 214 721 257 beneficio
739 216 915 257 Senatus
937 215 1161 273 populique
1177 211 1358 257 Romani
1372 209 1478 269 juris
1499 206 1653 258 habui3
1687 205 1727 248 id

193 274 382 324 mihim,
406 272 459 314 C.
482 273 648 324 Verres,
673 273 874 328 eripuisti,
905 282 1026 330 atque
1060 272 1294 315 abstulisti:
1330 285 1413 327 quo
1447 267 1619 309 nomine
1655 263 1727 327 abs
1807 316 1810 318 v

196 341 234 372 te
255 329 486 372 sestertium
510 326 659 372 millies
681 346 726 371 ex
750 331 835 388 lege
858 341 1033 386 repeto„
1076 331 1115 373 Si
1147 329 1350 380 universa,
1374 337 1419 369 ut
1441 323 1545 376 dixi,
1563 337 1727 379 provm-
1744 326 1798 360 ΞΟ

193 389 258 430 cia
288 387 404 448 loqui
440 398 593 445 posset,
635 389 716 430 hac
755 404 854 430 voce
880 399 1073 430 uteretur.

1136 388 1352 432 Quoniam
1385 385 1422 426 id
1446 399 1529 425 non
1554 389 1727 437 poterat,

194 447 342 488 harum
375 460 510 487 rerum
550 456 748 498 actorem,
790 462 913 504 quem
954 446 1149 488 idoneum
1191 462 1276 487 esse
1309 442 1501 487 arbitrata
1535 448 1610 490 est,
1641 437 1730 493 ipsa

191 503 356 562 delegit.
422 505 472 545 In
506 504 747 562 hujusmodi
782 520 823 546 re
858 504 1077 561 quisquam
1111 514 1196 545 tam
1237 503 1457 559 impudens
1491 496 1727 554 reperietur,

191 562 267 619 qui
303 563 352 604 ad
385 561 560 604 alienam
586 577 770 613 causam,
791 562 932 603 invitis
956 562 1020 612 iis,
1051 576 1229 617 quorum
1268 560 1483 617 negotium
1508 565 1582 607 est,
1607 568 1725 595 acce-

195 621 288 662 dere
310 630 380 663 aut
413 620 587 675 aspirare
619 620 793 661 audeat?
831 619 873 661 Si
897 618 989 670 tibi,
1008 620 1062 661 Q.
1088 618 1251 669 Caecili,
1273 620 1351 659 hoc
1371 615 1499 659 Siculi
1517 613 1723 664 dicerent3
1746 614 1797 648 535

191 680 356 721 Tenon
377 678 594 720 novimus:
628 678 838 718 nescimus
858 675 951 732 quis
973 675 1051 717 sis:
1085 691 1302 732 nunquam
1327 685 1366 716 te
1384 674 1502 716 antea
1518 671 1724 733 vidimus:

192 735 281 780 sine
300 752 378 778 nos
398 750 468 792 per
488 749 583 775 eum
607 744 766 776 nostras
786 734 971 776 fortunas
1004 733 1235 785 defendere,
1268 733 1386 787 eujus
1408 733 1506 773 fides
1528 739 1587 771 est
1609 728 1731 770 nobis

193 793 382 852 cognita:
429 807 595 835 non-ne
631 790 671 833 id
711 792 910 844 dicerent,
953 792 1063 850 quod
1101 791 1230 833 cuivis
1281 790 1450 846 probare
1496 787 1725 829 deberent?

191 867 306 894 nunc
331 853 411 892 hoc
443 850 611 892 dicunt:
646 859 872 906 utrumque
899 865 942 892 se
974 853 1124 892 nosse:
1160 849 1331 891 alterum
1355 864 1395 889 se
1417 861 1564 903 cupere
1585 844 1727 886 defen-

192 924 326 952 sorem
347 924 434 950 esse
454 907 714 950 fortunarum
741 924 908 951 suarum
930 924 938 950 ε
971 908 1142 950 alterum
1180 907 1303 964 plane
1342 906 1463 948 nolle.

190 966 284 1018 lint,
313 967 474 1012 etiamsi
502 975 678 1018 taceant,
702 966 798 1008 satis
820 965 988 1008 dicunt:
1023 967 1165 1007 verum
1189 981 1275 1007 non
1296 974 1458 1015 tacent3
1492 973 1631 1004 tamen
1665 959 1731 1001 his

147 1034 150 1036 “
188 1024 452 1069 invitissimis
473 1033 511 1066 te
532 1024 674 1065 offeres
694 1026 707 1068 ?
743 1034 884 1066 tamen
906 1024 948 1066 iu
970 1025 1104 1067 aliena
1124 1027 1247 1066 causa
1268 1023 1464 1080 loqusffe?
1502 1031 1638 1062 tamen
1662 1033 1731 1059 eos

190 1082 400 1136 defendes,
429 1081 500 1140 qui
523 1098 564 1124 se
583 1083 634 1124 al)
660 1081 862 1124 omnibus
892 1083 1070 1124 desertos
1093 1082 1247 1139 potius,
1272 1082 1406 1139 quam
1432 1080 1503 1122 abs
1526 1088 1565 1120 te
1586 1076 1729 1118 desen-

190 1156 256 1184 sos
292 1156 378 1184 esse
412 1140 606 1183 malunt?
643 1151 784 1183 tamen
820 1140 886 1182 his
925 1156 1092 1197 operam
1134 1153 1249 1182 tuam
1291 1137 1551 1195 pollicebere,
1584 1134 1656 1192 qui
1693 1143 1732 1178 te

190 1215 326 1257 neque
359 1198 460 1243 velle
491 1202 564 1241 suzt
597 1201 738 1252 causa,
774 1215 869 1251 nee,
904 1198 937 1240 si
978 1198 1134 1253 cupias,
1175 1213 1295 1255 posse
1330 1195 1605 1240 arbitrantur?
1644 1192 1732 1235 Cur
1751 1193 1802 1227 35

135 1294 139 1298 .
191 1273 337 1302 eorum
373 1272 489 1314 spem
526 1256 720 1314 exiguam
758 1257 1008 1313 reliquarum
1043 1256 1323 1309 fortunarum,
1356 1271 1483 1312 quam
1511 1250 1733 1294 habentin

188 1315 294 1374 legis
329 1325 369 1358 et
401 1315 550 1373 judicii
591 1315 800 1358 severitate
837 1314 1034 1372 positam,
1068 1315 1107 1356 vi
1142 1324 1383 1372 extorquere
1421 1311 1618 1355 conaris?
1656 1324 1731 1352 cur

176 1384 231 1436 je
265 1373 510 1430 interponis,
551 1373 810 1415 invitissimis
845 1373 919 1426 eis,
961 1373 1114 1431 quibus
1151 1373 1339 1415 maxime
1377 1371 1441 1414 lex
1485 1367 1731 1413 consultum

191 1447 278 1474 esse
309 1432 426 1474 vult?
462 1447 535 1474 cur
569 1433 618 1474 de
657 1431 807 1488 quibus
835 1431 880 1473 in
914 1431 1128 1487 provincia
1161 1447 1246 1473 non
1279 1430 1438 1487 optime
1469 1444 1510 1471 es
1540 1426 1730 1476 meritus,

191 1505 263 1534 eos
297 1505 412 1532 nune
443 1490 568 1549 plane
603 1488 782 1533 fortunis
815 1489 1014 1534 omnibus
1041 1489 1203 1535 conaris
1223 1490 1430 1533 evertere?
1467 1501 1540 1550 cur
1559 1485 1625 1527 his
1645 1499 1732 1526 non
1749 1487 1806 1522 40

239 1595 289 1626 18.
311 1595 462 1635 Beneficio
475 1592 634 1637 Senatum]
660 1591 811 1626 Devictis
837 1594 943 1626 natio-

192 1639 288 1671 nibus
311 1638 364 1670 vel
394 1650 489 1670 novae
520 1638 607 1680 leges
644 1638 898 1682 imponebantur
926 1643 943 1670 ὲ

188 1683 382 1721 victoribus,
410 1684 463 1715 vel
486 1684 626 1725 antiquae
650 1683 936 1726 permittebantur.

174 1738 177 1739 ⁷
191 1730 328 1760 Senatus
345 1736 455 1761 autem
480 1728 671 1771 permiserat
695 1728 809 1759 Siculis
825 1735 860 1759 ut
877 1727 940 1759 suis

189 1781 370 1806 uterentur.

233 1819 287 1849 90.
308 1816 483 1848 Sesterti⁷2m
500 1817 641 1861 millies]
669 1817 846 1850 Concisum
876 1828 933 1860 ge-

190 1873 251 1896 nus
280 1862 446 1900 orationis,
479 1862 587 1904 inquit
613 1864 856 1900 Hotomannus‚
885 1872 942 1903 quo

190 1913 302 1938 veteres
325 1907 433 1940 millies
456 1913 580 1938 centena
602 1908 698 1940 millia
716 1907 941 1949 significabant,

190 1952 225 1984 id
255 1960 318 1990 est,
343 1952 424 1983 duos
447 1952 609 1984 milliones
640 1960 671 1984 et
703 1951 941 1994 quinquaginta

190 1997 364 2035 sestertios,
377 1996 432 2039 qui
449 1996 591 2028 efficiunt
609 1998 736 2028 250000
749 1996 847 2028 libras
861 1996 940 2027 Gal·
951 2025 960 2035 ,

187 2041 275 2074 licas.
322 2042 379 2074 Ad
395 2041 524 2084 plenam
541 2041 761 2073 sestertiorum
775 2040 936 2083 cognitio-

188 2096 262 2118 nem
279 2087 429 2129 quaedam
445 2087 629 2117 adnotanda
643 2093 734 2118 sunt:
765 2086 792 2116 1.
811 2086 851 2116 de
862 2095 936 2127 pre·

186 2131 235 2164 tio
249 2143 257 2170 ;
280 2142 357 2162 nam
373 2131 536 2163 sestertius
551 2131 636 2173 apud
658 2131 824 2162 Romanos
838 2140 936 2162 num-

187 2186 261 2208 mus
281 2183 363 2215 erat,
387 2177 443 2219 qui
475 2176 555 2207 duos
591 2187 673 2208 asses
707 2183 739 2207 et
774 2175 938 2206 semissem

191 2219 330 2253 valebat.
379 2223 410 2251 2.
435 2220 684 2253 Observandum
701 2228 760 2259 est,
775 2220 861 2262 quod
874 2230 937 2251 ses-

187 2265 286 2297 tertia
302 2267 335 2297 in
351 2276 488 2298 numero
497 2265 616 2309 plurali
632 2273 748 2297 neutro
765 2265 936 2296 enunciata

186 2310 338 2342 millenos
353 2310 515 2342 sestertios
526 2311 735 2342 continebant
748 2323 755 2341 :
782 2309 869 2352 quod
885 2312 933 2340 ta-

123 2377 129 2382 .
187 2366 265 2387 men
277 2355 318 2386 ab
331 2355 482 2386 omnibus
492 2355 694 2388 Auctoribus
706 2366 771 2386 non
787 2354 934 2385 admitti-

187 2407 253 2432 tur.
302 2401 331 2431 3.
350 2400 451 2444 Qod
480 2404 553 2433 cum
579 2400 741 2445 reperitur
767 2399 827 2430 ista
856 2406 935 2430 nota

188 2445 276 2482 H-S‚
304 2455 376 2476 eam
403 2445 442 2476 de
466 2445 608 2476 nummis
635 2443 761 2476 tanturn
783 2443 936 2476 sestertiis

188 2488 340 2532 intelligi.
388 2491 419 2520 4.
446 2490 559 2537 QOd,
573 2498 610 2520 ut
627 2493 644 2520 εἰ
660 2489 802 2520 nummis
821 2496 935 2519 sester-

188 2533 244 2565 tiis
255 2534 296 2565 ad
314 2535 458 2566 sestertia
473 2535 669 2566 transeundo
686 2544 840 2565 numerus
857 2533 943 2569 mil..

188 2576 248 2609 lies
262 2578 512 2621 multiplicatur,
536 2579 593 2616 ita,
611 2577 683 2610 cum
701 2579 741 2610 ad
756 2588 829 2609 earn
845 2578 934 2609 locu-

189 2623 314 2654 tionem
324 2632 459 2655 ventum
471 2631 531 2662 est,
548 2635 619 2666 quae
636 2634 693 2666 per
709 2622 864 2655 adverbia
874 2633 935 2654 nu-

188 2666 324 2698 mex-alia
339 2669 522 2706 nunciatur,
538 2675 684 2699 crescunt
707 2668 852 2700 sestertia
870 2667 934 2698 sin-

187 2711 267 2754 gula
290 2712 535 2754 conduplicata:
560 2724 590 2744 v.
610 2724 643 2755 g.
671 2712 697 2744 si
718 2720 849 2744 centum
872 2723 935 2743 ses-

186 2756 286 2788 t'ertia
312 2756 434 2793 dIcam,
462 2756 603 2800 intelligi
641 2757 758 2789 debere
800 2764 935 2788 centena

185 2800 291 2832 millia
306 2800 508 2833 sestertium:
531 2802 587 2840 sic,
607 2801 664 2833 ubi
685 2801 805 2834 centies
819 2809 934 2833 sester-

185 2845 270 2883 tium
283 2845 414 2886 dicitur,
423 2845 632 2890 intelligenda
645 2854 719 2880 sunt
729 2846 850 2880 centies
861 2856 935 2879 cen-

988 1602 1063 1626 tena
1087 1594 1243 1632 sestertia,
1256 1594 1323 1625 sive
1345 1591 1464 1625 centies
1481 1598 1616 1623 centena
1631 1587 1734 1620 millia

988 1639 1184 1671 sestertium.
1232 1640 1314 1670 Haec
1328 1636 1498 1669 annotavit
1510 1635 1685 1667 Balduinus
1701 1633 1736 1664 in

990 1686 1119 1717 Comm.
1139 1686 1217 1715 Inst.
1245 1684 1283 1714 de
1301 1685 1440 1714 Success.
1469 1680 1593 1712 Libert.
1613 1687 1644 1710 et
1668 1679 1735 1710 Cu-

983 1728 1085 1770 jacius
1102 1728 1157 1760 lib.
1181 1729 1229 1758 10.
1247 1726 1385 1759 Observ.
1415 1729 1468 1757 37.
1516 1725 1627 1756 Plures
1643 1725 1735 1754 Auc-

984 1781 1072 1804 tores
1087 1772 1250 1805 sestertios
1264 1772 1305 1803 ad
1318 1781 1462 1803 nostram
1473 1776 1638 1800 monetam
1653 1767 1735 1798 Gal-

985 1817 1081 1849 licam
1113 1828 1268 1848 revocare
1299 1816 1407 1848 conati
1439 1822 1534 1852 sunt;
1571 1812 1735 1855 imprimis

987 1863 1137 1900 Budaeus,
1154 1861 1374 1899 Abrahamus,
1394 1859 1555 1896 petavius,
1573 1858 1636 1891 ἃς.
1653 1868 1736 1899 quo-

985 1918 1057 1939 rum
1070 1907 1217 1938 omnium
1230 1918 1294 1938 una
1310 1917 1374 1937 non
1391 1912 1437 1936 est
1454 1902 1638 1939 aestimatio‚
1659 1901 1735 1943 quia

985 1952 1026 1983 ab
1054 1962 1167 1984 eorum
1195 1951 1398 1994 temporibus
1431 1948 1557 1991 argenti
1590 1946 1734 1990 pretium

986 2004 1118 2028 auctum
1135 2004 1192 2028 est.
1241 1996 1402 2028 Omnium
1417 1992 1656 2025 recentissimus
1672 1993 1733 2022 Pa-

980 2049 1031 2073 ter
1047 2041 1238 2073 Harduinus
1258 2039 1427 2072 societatis
1444 2040 1533 2082 Jesu,
1547 2036 1732 2068 sestertium

981 2097 1018 2118 ex
1057 2086 1200 2129 pondere
1240 2085 1438 2122 aestimavit3
1476 2082 1657 2125 probatque
1694 2081 1729 2112 in

981 2131 1245 2168 Commentariis,
1266 2141 1346 2172 quos
1361 2127 1595 2161 eruditissimos
1610 2126 1644 2157 in
1661 2125 1731 2156 Pli-
1755 2131 1758 2133 ’

982 2176 1075 2207 nium
1091 2175 1227 2218 scripsit,
1244 2175 1369 2207 duobus
1384 2173 1501 2205 nostris
1518 2170 1654 2203 Gallicis
1669 2181 1729 2218 *as-

982 2220 1069 2252 sibus
1098 2219 1314 2263 aequivalere:
1339 2219 1426 2250 hunc
1456 2217 1585 2248 consule
1610 2215 1644 2246 in
1669 2214 1733 2246 tib.·

982 2266 1035 2295 33.
1053 2276 1123 2308 cap.
1141 2266 1171 2296 3.
1186 2275 1244 2296 nos
1259 2265 1328 2308 ejus
1343 2261 1568 2306 supputationi
1584 2259 1736 2302 acquiesx

978 2320 1091 2342 cimus.

1025 2356 1076 2387 24.
1103 2355 1248 2385 Accedere
1273 2358 1326 2384 aut
1362 2351 1523 2395 aspirata]
1589 2348 1728 2392 Aspira-

978 2410 1013 2430 re
1044 2399 1085 2431 ad
1111 2409 1182 2430 rem
1209 2398 1340 2435 dicitur,
1362 2398 1419 2440 qui
1441 2405 1508 2428 tam
1541 2396 1649 2438 prope.
1674 2405 1728 2425 ac-

980 2444 1077 2483 cedit,
1117 2452 1154 2476 ut
1191 2443 1332 2475 halitum
1368 2443 1402 2474 in
1440 2452 1512 2473 eam
1547 2439 1728 2471 immittere

977 2489 1088 2532 possit.

1024 2535 1074 2565 35.
1090 2534 1115 2565 V
1116 2533 1172 2564 elle
1185 2531 1240 2563 suci
1253 2529 1364 2573 causa]
1407 2532 1443 2567 1.ss
1466 2528 1628 2573 plerisque
1660 2528 1726 2560 Co-

979 2578 1105 2609 dicibus
1114 2577 1247 2620 legitur,
1264 2587 1383 2607 musam
1397 2586 1493 2612 snam,
1504 2573 1726 2605 subaudiendo

979 2623 1132 2665 inquiunt
1155 2624 1350 2664 Interpretes
1376 2618 1538 2657 nonnulli,
1561 2619 1724 2657 defendere.

981 2668 1043 2699 Sed
1059 2667 1141 2699 nihil
1156 2666 1350 2698 mutandum
1367 2664 1518 2697 videtur..
1553 2663 1633 2694 Velle
1647 2663 1727 2693 enim

979 2710 1033 2742 suci
1056 2710 1158 2749 causti,
1188 2710 1321 2753 perinde
1344 2717 1402 2747 est,
1428 2720 1465 2740 ac
1496 2707 1591 2739 alteri
1618 2707 1727 2738 stude·-

980 2767 1026 2794 re,
1044 2756 1098 2788 vel
1111 2756 1230 2787 favere.
1277 2755 1327 2786 Sic
1346 2754 1413 2796 ipse
1435 2753 1504 2785 Cic.
1520 2751 1669 2795 Epist.‘l.
1687 2750 1730 2782 ad

981 2803 1079 2833 Lent.
1125 2801 1218 2842 Regis
1233 2798 1320 2832 causti
1334 2800 1360 2830 si
1378 2798 1430 2841 qui
1451 2798 1523 2836 sint,
1551 2797 1603 2840 qui
1629 2797 1733 2835 uelint,

984 2847 1046 2878 ἃς.

1602 2884 1731 2929 modo

1528 903 1615 945 Cur
1649 917 1727 943 no-
1748 903 1806 938 30
