1872 3135
827 137 994 182 VITA.
1637 148 1727 178 xxv

128 250 278 295 Romae
298 255 582 290 commoratus
608 255 669 288 est
690 246 855 299 Cicero,
879 248 937 289 vel
959 248 1000 288 in
1022 245 1126 288 villis
1144 262 1156 298 3
1188 261 1266 287 nec
1285 243 1366 287 fera¹
1385 244 1536 295 exibat,
1556 253 1723 300 propter

126 307 257 350 varias
274 307 497 348 hominum
515 304 782 361 suspiciones.
829 306 963 348 Totus
977 304 1054 346 fuit
1074 305 1117 346 in
1135 304 1278 345 studiis
1298 319 1306 344 τ
1339 318 1388 344 eo
1403 303 1517 343 enim
1537 310 1722 358 tempore

127 374 294 422 putatur
313 364 521 419 scripsisse
539 362 782 405 partitiones
801 363 995 406 oratorias
1015 373 1053 404 et
1073 363 1228 404 librum
1248 360 1321 418 qui·
1341 360 1507 402 Brutus
1526 360 1719 401 inscribi-

127 434 209 474 tur,
232 421 374 479 quide
393 421 510 462 claris
531 420 758 462 oratoribus
779 429 853 463 est.
917 421 1024 463 Cato
1045 420 1123 461 sibi
1145 420 1287 461 Uticae
1305 428 1484 460 mortem
1505 417 1719 459 conscivit.

127 480 286 530 Caesar,
308 477 510 521 Africano
532 477 643 521 bello
660 478 865 530 confecto,
888 480 1068 521 Romam
1087 477 1217 528 rediit,
1236 475 1308 518 ubi
1326 475 1375 517 ab
1393 490 1441 516 eo
1464 476 1620 516 honore
1641 474 1720 516 Ci-

127 552 220 580 cero
238 536 505 579 afficiebatur.
567 535 740 592 Scripsit
758 537 884 578 vitam
906 535 1090 578 Catonis.
1151 533 1336 590 Pepercit
1353 532 1556 575 Marcello
1578 533 1722 574 Caesax·

127 605 296 652 rogante
316 596 486 636 Senatu.
550 595 714 646 Cicero,
748 594 820 650 qui
852 594 968 635 silere
1002 593 1045 634 in
1070 602 1282 647 posterum
1315 599 1522 642 statuerat,
1556 600 1721 646 rogatus

129 652 391 704 sententiam,
415 647 680 707 amplissimis
711 650 844 691 verbis
878 650 1035 692 Caesari
1069 649 1216 706 gratias
1238 649 1345 706 egit:
1380 664 1476 704 quae
1496 648 1627 689 oratio
1648 660 1722 703 pro·

126 709 330 752 Marcello
352 718 474 750 extat.
535 708 658 750 Dixit
693 723 861 764 quoque
895 708 1001 765 apud
1043 707 1254 748 Caesarem
1283 720 1356 763 pro
1389 706 1572 762 Ligario,
1594 720 1724 763 quem

128 767 302 816 crimine
317 766 518 809 liberavit.
577 765 741 808 Tullius
764 780 863 809 cum
877 764 1071 808 Terenti&
1090 764 1313 807 divortium
1335 762 1445 805 fecit.

488 892 706 938 ANNUS
739 894 917 937 URBIS
951 893 1244 937 CONDITAE
1266 898 1364 940 708.

208 987 301 1027 Coss.
318 986 356 1025 C.
372 985 478 1024 szz'o
494 984 628 1022 Coesare
646 982 813 1034 quar-nim
828 985 1018 1022 Dictatore
1036 986 1111 1021 sine
1126 982 1277 1033 collegd,
1295 991 1377 1020 ante
1394 981 1568 1021 Clnistum
1583 988 1646 1023 44.

614 1038 796 1075 Ciceronis
813 1039 1046 1088 seragesz'nms
1061 1037 1240 1074 secundus.

155 1144 159 1152 ι
183 1121 376 1164 Dimissa
394 1119 603 1171 Terenti-21,
627 1117 777 1162 Cicero
796 1119 1000 1177 virginem
1023 1119 1250 1177 quandam,
1274 1117 1448 1161 nomine
1481 1119 1722 1174 Publiliam,

126 1184 298 1223 uxorem
321 1180 454 1231 duxit,
473 1192 648 1236 eamque
669 1177 857 1229 divitem,
880 1188 926 1219 ut
943 1193 998 1219 aes
1020 1176 1203 1218 alienum
1233 1176 1481 1220 dissolveret.
1543 1181 1647 1222 Non
1669 1178 1726 1222 ita

126 1238 264 1280 mullo
284 1240 376 1293 post
389 1236 529 1278 Tullia
541 1236 626 1292 ejus
645 1234 728 1276 filia
747 1235 907 1291 pariens
928 1235 1035 1291 apud
1052 1236 1280 1277 Lentulum
1304 1235 1422 1276 obii-t.
1483 1237 1646 1278 Mirum
1665 1246 1725 1279 est

127 1303 283 1353 quanto
305 1295 391 1352 ejus
411 1293 613 1336 desiderio
633 1293 838 1335 exarserit.
902 1293 1042 1335 Plures
1060 1292 1134 1334 viri
1155 1308 1296 1350 graves
1317 1307 1412 1334 eum
1435 1293 1561 1336 literis
1576 1310 1725 1336 conso-

127 1353 198 1396 lati
231 1365 358 1405 su¹nt5
391 1353 455 1394 M.
482 1353 652 1403 Brutus,
688 1350 913 1403 Lucceium,
946 1361 987 1392 et
1023 1351 1180 1400 Caesar,
1206 1350 1276 1407 qui
1309 1359 1398 1391 tum
1422 1362 1505 1394 erat
1525 1351 1748 1410 Hispaliy

129 1412 198 1454 sed
216 1414 316 1453 cum
337 1424 510 1452 omnem
534 1408 861 1451 consolationem
884 1409 1002 1451 dolor
1014 1408 1211 1461 vinceret,
1229 1407 1392 1464 scripsit
1406 1409 1576 1461 librum,
1598 1425 1725 1466 quem

134 1465 457 1510 &afflationem
479 1466 701 1523 inscripsit.
762 1466 932 1511 Dicitur
961 1466 1086 1524 paulo
1117 1468 1211 1523 post
1242 1466 1464 1508 Publiliam
1501 1468 1727 1526 conjugem

129 1525 351 1578 dimisisse,
373 1524 484 1584 quod
518 1536 653 1566 morte
676 1523 828 1566 Tulliae
862 1524 950 1566 visa
978 1535 1040 1567 est
1075 1523 1220 1566 laetari.
1285 1525 1381 1567 Post
1411 1524 1524 1566 illius
1544 1538 1728 1570 mortem

133 1584 284 1626 Cicero
301 1584 430 1625 domo
452 1581 600 1634 abfuit,
624 1591 744 1638 atque
764 1582 807 1623 in
830 1581 988 1624 caeteris
1008 1581 1116 1624 villis
1135 1581 1366 1624 maximam
1389 1582 1486 1624 anni
1509 1585 1727 1640 partemin

131 1641 415 1697 Philosophiae
464 1639 611 1681 studiis
647 1638 802 1695 posuit‘
864 1638 1142 1683 Hortensium
1183 1639 1346 1696 scripsit
1365 1655 1376 1681 t
1423 1655 1506 1697 quo
1545 1640 1588 1683 in
1621 1642 1732 1685 libro

133 1698 454 1755 Philosophiam
472 1696 522 1739 ab
544 1696 770 1738 Hortensio
803 1696 1078 1754 vituperatam
1112 1697 1304 1739 defendit.
1366 1697 1569 1740 Meminit
1603 1699 1732 1758 hujus

129 1756 298 1799 libriD.
323 1754 610 1814 Augustinus,
630 1754 785 1811 aitque,
810 1754 920 1797 illius
954 1755 1131 1797 lectione
1162 1755 1211 1796 ad
1245 1754 1500 1798 Christianae
1533 1756 1727 1799 Philoso-

130 1814 248 1871 phiae
269 1813 669 1869 contemplationem
691 1827 733 1854 se
752 1811 972 1856 incensum
994 1812 1136 1855 fuisse.
1196 1813 1378 1854 Duobus
1411 1813 1525 1855 libris
1559 1816 1728 1858 Acade-

133 1871 266 1914 micis·
294 1871 537 1929 posteriores
572 1872 675 1912 duos
697 1870 846 1929 adjecit
865 1888 875 1913 :
910 1870 1073 1927 scripsit
1092 1885 1257 1928 quoque
1276 1871 1404 1912 libros
1425 1871 1475 1913 de
1496 1871 1732 1916 Finibus'et

134 1930 445 1976 Laudationem
479 1929 652 1980 Porciae,
688 1928 842 1970 sororis
877 1930 941 1971 M.
983 1928 1176 1980 Catonis,
1217 1939 1257 1969 et
1289 1929 1430 1971 uxoris
1457 1930 1510 1972 L.
1545 1931 1730 1976 Domitii

133 1987 383 2032 AEnobarbi.
446 1987 590 2029 Caesar
618 2001 666 2028 ex
688 1986 898 2043 Hispania
916 1986 1050 2029 victor
1069 2001 1212 2029 mense
1234 1987 1408 2029 Octobri
1430 1986 1475 2028 in
1496 1989 1644 2037 urbem
1664 2004 1728 2032 rc-

134 2044 226 2099 snit,
250 2046 357 2103 apud
377 2060 504 2106 quem
526 2043 675 2088 Cicero
695 2045 770 2101 pro
787 2059 882 2103 rege
898 2045 1101 2103 Dejotaro
1121 2044 1353 2087 orationem
1372 2045 1528 2089 habuit.

489 2168 707 2212 ANNUS
739 2168 916 2211 URBIS
949 2168 1242 2213 CONDITAE
1263 2177 1356 2218 709.

396 2282 489 2320 Coss.
504 2280 547 2320 C.
559 2281 664 2318 Jalio
683 2280 832 2324 Coesare,
852 2280 914 2318 M.
929 2281 1097 2326 Antonio,
1117 2290 1199 2318 ante
1218 2282 1394 2322 Christum
1408 2286 1470 2321 43.

664 2334 844 2371 Ciceronis
861 2337 1095 2386 sexagesimus
1113 2337 1247 2372 tertius.

196 2418 361 2472 Cicero,
382 2428 477 2475 post
497 2419 684 2476 quinque
704 2416 830 2459 libros
850 2416 900 2459 de
928 2416 1120 2470 Finibus,
1143 2417 1329 2476 quinque
1351 2418 1451 2461 alios
1470 2418 1730 2463 Tusculana-

138 2492 236 2521 rum
250 2477 533 2534 quaestionum
553 2476 691 2519 edidit.
752 2475 882 2517 Initio
903 2476 1028 2533 hujus
1048 2475 1146 2518 anni
1171 2476 1322 2520 Romae
1339 2475 1433 2528 fuit,
1456 2486 1496 2518 et
1517 2477 1610 2520 Kal.
1632 2480 1731 2522 Jan.

139 2534 192 2587 in-=
205 2535 361 2577 Senatu
381 2535 528 2588 adfuit,
553 2537 652 2577 cum
674 2534 832 2586 Caesar,
862 2532 1076 2576 resistente
1095 2535 1305 2586 Antonio,
1334 2534 1605 2578 Dolabellam
1637 2536 1737 2579 sub-

138 2606 281 2648 rogare
295 2593 370 2635 sibi
387 2592 528 2635 voluit.
590 2592 738 2635 Idibus
757 2591 962 2633 Martiisssa
978 2591 1204 2649 conjuratis
1225 2593 1274 2636 in
1293 2591 1477 2649 Pompeii
1493 2593 1608 2636 curia
1627 2609 1733 2636 con-

139 2648 276 2692 fossus
307 2661 368 2692 est
388 2666 397 2691 :
430 2651 496 2692 sed
521 2650 619 2708 quia
637 2665 684 2692 eo
706 2648 922 2692 interfecto
943 2649 1098 2691 Brutus
1118 2650 1346 2707 pugionem
1365 2650 1583 2703 extollens,
1606 2651 1733 2694 Cice-

140 2721 288 2750 ronem
306 2708 567 2760 exclamavit,
586 2707 696 2750 illius
719 2705 1018 2765 conjurationis
1039 2708 1246 2763 particeps,
1259 2706 1435 2751 creditus
1452 2718 1514 2750 est
1535 2725 1544 2750 ε
1579 2709 1649 2751 sed
1669 2724 1734 2751 re-

140 2767 235 2808 verit
255 2779 342 2807 non
361 2764 455 2817 fuit,
477 2777 523 2808 ut
555 2766 800 2808 Plutarchus
834 2763 988 2807 scribit.
1048 2764 1136 2807 Dio
1158 2764 1278 2808 refert
1296 2765 1369 2809 lib.
1391 2776 1460 2809 44.
1478 2781 1741 2823 percussores

138 2822 338 2877 Caesaris,
362 2825 462 2868 cum
481 2826 505 2883 e
526 2823 642 2868 curia
657 2823 704 2868 in
724 2822 866 2868 forum
884 2838 926 2866 se
946 2821 1196 2877 conferrent,
1225 2823 1369 2869 ctebro
1390 2824 1644 2923 Cicerorliem
1662 2839 1736 2867 ex-

1532 2898 1554 2925 c
1574 2897 1737 2927 amasse
