1872 3140
203 264 464 316 contendam,
494 273 539 306 ut
567 266 647 307 hoc
678 267 850 321 populus
880 267 1092 311 Romanus
1131 271 1333 312 exaudiat.

119 155 125 163 ·
175 148 199 183 2
630 151 692 193 Μ.
722 147 926 195 TULLII
957 151 1267 198 CICERONIS

1407 269 1604 326 Suscepto
1631 258 1723 313 beia

203 321 261 370 10,
290 322 440 371 Caesar,
469 333 582 377 gesto
626 323 749 364 etiam
794 338 847 365 ex
890 323 1039 381 magnii
1080 339 1210 381 parte,
1245 324 1357 369 nulla
1384 329 1424 368 vi
1453 338 1628 378 coactus,
1650 328 1720 381 ju-

203 378 311 420 dicio
340 393 432 420 meo
461 393 507 419 ac
535 380 744 422 voluntate
783 381 839 422 ad
871 396 919 423 ea
957 397 1068 423 arma
1110 384 1315 439 profectus
1343 399 1450 436 sum,
1481 400 1571 440 quae
1600 395 1717 428 erant

202 446 362 490 sumpta
390 446 533 476 contra
559 445 613 478 te.

686 439 812 492 Apud
852 454 977 493 quem
1006 439 1129 495 igitur
1157 441 1236 482 hoc
1264 439 1387 483 dico?
1431 457 1581 497 nempe
1608 443 1717 497 apud

135 495 185 531 15
204 505 314 540 eum,
343 492 428 546 qui,
448 493 543 533 cum
573 495 651 535 hoc
680 494 814 544 sciret,
833 501 971 537 tamen
1000 511 1084 545 me,
1104 508 1323 552 antequam
1341 499 1456 548 vidit,
1483 499 1717 553 reipublicae⁸

202 548 401 590 reddidit:
433 550 504 603 qui
531 551 584 590 ad
611 566 678 593 me
707 566 760 593 ex
781 552 964 607 AEgypto
983 554 1116 595 literas
1146 555 1269 604 misit,
1287 566 1332 596 ut
1361 570 1488 597 essem
1517 555 1626 603 idem
1646 553 1719 612 qui

200 604 391 646 fuissem:
419 607 505 661 qui,
525 605 620 648 cum
640 609 723 663 ipse
753 610 973 665 imperator
1001 611 1042 652 in
1072 621 1160 652 toto
1190 612 1360 667 imperio
1390 612 1530 668 populi
1563 613 1716 659 Roma-

200 662 244 702 ni
274 677 380 704 unus
407 674 526 714 esset,
555 679 640 706 esse
663 681 730 708 me
759 668 932 708 alterum
961 683 1097 722 passus
1126 679 1212 710 est:
1262 667 1284 710 ὲ
1313 685 1411 725 quc,
1441 671 1520 711 hoc
1548 670 1634 724 ipso
1665 671 1717 712 C.

199 718 331 770 Pansa
372 720 476 762 mihi
517 723 714 764 nuncium
753 723 1003 779 perferente,
1041 739 1248 767 concessos
1276 724 1400 768 fasces
1428 728 1626 771 laureatos
1653 737 1717 769 te-

126 779 182 816 90
200 776 288 828 nui,
329 779 464 832 quoad
506 781 707 821 tenendos
751 781 913 835 putavi:
957 783 1027 836 qui
1068 783 1169 824 mihi
1209 794 1297 824 turn
1327 784 1506 839 denique
1535 798 1577 825 se
1606 785 1712 825 salu-

199 844 284 874 tem
313 836 470 892 putavit
512 836 701 888 reddere,
741 839 774 878 si
815 853 904 879 earn
946 840 1068 880 nullis
1107 840 1317 895 spoliatam
1345 840 1594 883 ornamentis
1621 842 1715 883 red-

197 891 327 932 deret.
385 892 511 942 Vide,
531 908 686 948 quaeso,
708 893 894 944 Tubero,
914 907 960 937 ut
977 897 1050 951 qui
1071 897 1122 937 de
1153 912 1247 938 meo
1279 896 1388 940 facto
1418 912 1504 939 non
1529 898 1717 940 dubitem

192 947 343 998 dicere,
381 949 435 990 de
463 950 614 1005 Ligarii
643 966 728 992 non
756 954 926 994 audeam
955 954 1156 995 confiteri.

1216 954 1352 1009 Atque
1379 956 1469 997 haec
1497 954 1716 1011 propterea

193 1005 246 1046 de
276 1020 342 1048 me
372 1007 476 1058 dixi,
506 1019 551 1050 ut
579 1009 683 1050 mihi
706 1008 892 1061 Tubero,
919 1007 1013 1052 cum
1041 1013 1093 1054 de
1123 1027 1164 1053 se
1193 1012 1337 1055 eadem
1365 1013 1560 1062 dicerem,
1587 1012 1712 1067 igno·

237 1291 286 1322 11.
301 1294 435 1335 Suscepto
449 1294 541 1335 bella]
572 1296 683 1328 Libere
700 1296 813 1330 Cicero
828 1308 928 1331 suum

190 1335 316 1380 factum
343 1337 524 1378 confitetur,
549 1347 586 1369 ut
610 1340 696 1371 idem
720 1340 927 1373 clementiam

189 1379 323 1411 Caesaris
335 1381 529 1420 extollendo,
546 1382 615 1421 ejus
637 1384 785 1415 animum
798 1386 927 1426 Ligario

187 1423 338 1467 conciliet
349 1435 359 1461 ;
372 1423 448 1456 curn
464 1425 553 1456 enim
564 1426 632 1467 jam
643 1436 684 1457 ex
706 1427 824 1468 magna*
839 1436 926 1469 parte

187 1464 312 1497 bellum
338 1468 416 1499 illud
427 1468 522 1500 civile
535 1477 662 1509 gestum
674 1477 766 1507 esset,
781 1471 872 1512 pulso
885 1482 926 1503 ex

186 1507 274 1539 imni
292 1511 455 1551 Pompeio,
470 1519 503 1543 et
528 1513 667 1551 profecto
684 1515 716 1543 in
735 1514 924 1555 Hispaniam

187 1551 323 1592 Caesare,
348 1555 460 1585 Cicero
490 1556 612 1595 trajecit
641 1556 674 1587 in
699 1557 860 1589 Graeciam
883 1559 923 1589 ad

183 1593 393 1637 Pompeium,
410 1605 446 1640 ut
472 1599 564 1630 refert
574 1597 781 1638 Plutarchus,
792 1608 823 1632 et
835 1608 872 1632 ut
885 1611 923 1631 ex

184 1639 279 1678 epist.
294 1640 335 1671 ad
352 1641 420 1672 Att.
439 1649 536 1682 patet.

231 1684 280 1713 15.
297 1684 418 1723 Reipub.
433 1685 581 1724 reddidit]
592 1685 688 1717 Victo
702 1687 923 1728 debellatoque

184 1724 351 1766 Pompeio,
369 1728 514 1766 permisit
529 1729 675 1760 Ciceroni
700 1731 804 1761 Caesar
820 1738 858 1762 ut
871 1740 922 1762 re-

184 1769 264 1799 diret
279 1770 312 1801 in
328 1771 475 1810 patriam.

232 1814 281 1842 16.
309 1812 362 1843 Ex
387 1812 519 1855 AEgypto
544 1813 644 1845 literas
673 1815 779 1855 misit]
802 1817 919 1854 Caesar,

183 1861 256 1893 post
267 1856 395 1887 victum
418 1858 624 1898 Pompeium,
647 1860 734 1890 venit
749 1860 781 1890 in
795 1859 918 1901 AEgyp-

182 1903 269 1934 turn,
288 1899 342 1929 ubi
355 1909 472 1931 novem
484 1910 610 1932 menses
621 1902 693 1939 fuit,
709 1904 848 1942 Appian.
861 1903 918 1934 lib,

181 1941 215 1971 9.
226 1941 311 1976 Hinc
321 1952 374 1982 per
383 1944 601 1983 Philotimum
611 1945 734 1984 scripsit
745 1947 785 1977 ad
795 1946 922 1977 Cicero·

182 1993 282 2028 nem3
306 1986 399 2027 eujus
416 1986 519 2018 literas
535 1987 655 2026 laudat,
672 1988 728 2018 lib.
749 1990 796 2019 14·-
817 1989 920 2021 famil.

181 2025 282 2069 Epist..
298 2028 355 2058 u'lt.
369 2029 522 2062 Orat-erat
531 2037 641 2061 autem
654 2031 918 2063 CiceroAtticum

180 2076 236 2109 per
248 2069 420 2109 literas,·ut
431 2073 495 2113 ipse
508 2074 547 2104 ad
560 2073 710 2110 Balbum,
720 2072 872 2112 Pansam,
888 2082 920 2105 et

179 2114 326 2146 Hirtium
353 2116 514 2153 scriberet,
529 2123 566 2147 ut
578 2126 634 2157 pro
649 2127 682 2147 se
698 2118 854 2148 Caesarem
864 2120 917 2148 de-

178 2165 399 2201 precarentur,
424 2160 502 2200 quia
515 2161 601 2200 apud
615 2169 694 2191 eum
709 2159 857 2191 valebant
873 2162 917 2191 fa·

178 2200 371 2241 miliaritate.

222 2242 269 2274 lb.
288 2242 330 2274 Ut
342 2245 512 2275 cumidem
527 2245 576 2286 qui
591 2244 743 2289 sitin-em]
767 2246 918 2277 Permisit

179 2286 284 2319 Caesar
298 2295 336 2319 ut
351 2288 464 2322 Cicero
484 2299 577 2323 suam
601 2290 767 2328 pristinam
783 2290 918 2329 dignita-

178 2335 256 2379 tem,
273 2340 373 2375 quam
390 2332 492 2363 fuerat
513 2339 588 2364 ante
600 2332 725 2364 bellum
739 2339 916 2371 assecutus,

177 2381 335 2411 {curreret-

225 2414 363 2457 17:22'211',
377 2417 440 2449 ciem
450 2418 513 2461 ipse
529 2417 714 2460 imperator]
731 2420 839 2450 Duces
854 2428 912 2449 no-

178 2460 268 2490 rnine
296 2460 497 2502 imperatoris
522 2462 753 2495 decorabantur
767 2463 807 2492 ab
823 2472 912 2503 exer-

176 2503 259 2542 citu,
278 2506 449 2536 communi
485 2503 630 2536 *militum
658 2515 829 2541 consensu,
850 2506 907 2545 qui

178 2546 248 2577 illos
279 2548 390 2587 dignos
414 2547 550 2588 imperio
572 2549 769 2587 judicabant.
829 2549 910 2579 Haec

176 2596 286 2621 autern
300 2591 521 2632 appellationis
543 2591 678 2631 dignitas
701 2591 738 2625 iis
757 2592 909 2622 concede-

177 2631 284 2670 batur,
301 2637 358 2674 qui
380 2636 489 2666 decem
514 2635 688 2666 hominum
714 2634 815 2665 millia
830 2635 912 2665 ceci-

174 2675 304 2707 dissent.

222 2719 270 2748 18.
285 2719 340 2750 ,Me
354 2719 475 2751 alterum
490 2731 589 2761 passus
604 2720 672 2759 esa]
689 2720 814 2758 cicero,
839 2721 905 2751 Ser.

172 2757 318 2801 Sulpicio
327 2770 358 2794 et
373 2765 417 2794 M.
433 2764 587 2795 Marcello
604 2765 690 2794 Coss.
707 2764 740 2794 in
757 2763 906 2795 Ciliciam

172 2803 349 2848 Proconsul
364 2808 478 2840 missus
488 2814 553 2846 est;
567 2807 620 2838 ubi
632 2807 708 2837 vicit
719 2807 902 2851 Armenios,

166 2852 203 2878 ct
213 2847 435 2882 Pindenissum
447 2850 562 2884 urbem
573 2849 667 2891 cepit.
690 2850 796 2883 Gessit
806 2851 907 2883 etiam-

969 1298 1094 1330 benum
1123 1308 1202 1330 curn
1233 1298 1422 1335 latronibus,
1452 1298 1512 1340 qui
1540 1300 1709 1332 Amanum

970 1349 1121 1374 montem
1135 1342 1295 1379 tenebant,
1310 1341 1372 1381 quai
1390 1343 1427 1373 de
1443 1340 1537 1373 causi
1554 1341 1573 1372 ἐι
1595 1342 1707 1373 militi-

969 1384 1030 1416 bus
1046 1385 1220 1426 Imperator
1246 1386 1425 1425 appellatus
1445 1392 1500 1416 est.
1542 1386 1639 1416 Anno
1658 1395 1714 1416 se-

969 1435 1101 1468 quente,
1130 1429 1164 1460 L.
1191 1428 1303 1459 Paullo
1317 1436 1348 1458 et
1360 1428 1387 1459 C
1403 1427 1557 1459 Marcello
1581 1429 1669 1460 Coss.
1686 1431 1706 1458 e

969 1469 1130 1511 provincii
1142 1472 1176 1502 in
1187 1471 1311 1502 ltaliam
1322 1481 1464 1503 reversus
1475 1478 1534 1508 est,
1544 1478 1576 1502 et
1590 1473 1707 1504 urbem

967 1515 1110 1550 accessit,
1137 1514 1214 1546 cum
1238 1514 1307 1553 jam
1335 1514 1476 1545 Lentulo
1491 1522 1523 1546 et
1549 1514 1708 1546 Marcello

968 1557 1056 1589 Coss.
1079 1557 1202 1588 bellurn
1225 1557 1319 1588 civile
1333 1557 1513 1592 conflatum
1528 1564 1627 1595 esset3
1651 1560 1706 1594 sed

966 1602 1043 1641 quia
1059 1611 1123 1632 non
1142 1601 1256 1632 urbem
1271 1601 1428 1641 ingressus
1443 1608 1503 1638 est,
1530 1601 1707 1640 imperium

967 1646 1110 1681 retinuit,
1123 1652 1153 1675 et
1169 1644 1340 1675 Proconsul
1359 1645 1522 1675 remansit.
1561 1645 1704 1676 Tamdiu

966 1688 1054 1719 enim
1066 1688 1239 1728 imperium
1250 1687 1547 1727 retinebant,quoad
1558 1687 1705 1718 Romam

966 1731 1095 1770 ingressi
1117 1737 1232 1761 essent.
1279 1730 1446 1761 Habemus
1462 1737 1572 1761 autem
1588 1739 1627 1766 ex
1643 1729 1701 1761 lib.

964 1775 1054 1813 epist.
1069 1775 1106 1804 ad
1126 1774 1271 1804 Atticum
1286 1783 1371 1804 nono
1383 1773 1551 1813 epistolam
1565 1780 1706 1813 tempore

964 1816 1040 1848 belli
1057 1816 1158 1850 civilis
1173 1816 1322 1856 scriptam
1337 1817 1375 1846 ad
1388 1817 1592 1853 Ciceronem,
1608 1815 1709 1854 cujus¹

964 1860 1112 1891 salutatio
1127 1861 1171 1891 sic
1184 1860 1381 1890 inscribitur:
1413 1858 1445 1889 L.
1471 1858 1615 1890 Cornelius
1626 1858 1703 1888 Bal-

963 1902 1015 1933 bus
1031 1904 1088 1935 M.
1110 1902 1207 1936 Tullio
1220 1902 1355 1933 Ciceroni
1369 1902 1544 1944 Imperatori
1572 1900 1702 1934 sulutem.

963 1945 1003 1977 Et
1027 1946 1082 1977 lib.
1121 1946 1169 1978 lO.
1214 1945 1316 1976 Coesar
1344 1946 1501 1988 Imperator
1523 1945 1576 1977 M.
1604 1945 1702 1987 Tullio

966 1988 1095 2020 Ciceroni
1110 1989 1282 2031 Imperatori
1291 1988 1423 2029 salutem.

1009 2033 1058 2062 15⁸.
1082 2034 1183 2064 Fasces
1205 2033 1377 2072 laureatos]
1405 2031 1617 2066 Proconsuloe
1642 2041 1699 2067 sex

963 2074 1087 2106 lictores
1113 2077 1314 2114 habuerunt,
1339 2076 1397 2116 qui
1415 2076 1490 2115 ipsis
1505 2075 1602 2106 fasces
1617 2084 1698 2109 curn

961 2118 1126 2149 securibus
1152 2119 1370 2159 praeferebant,
1401 2125 1572 2158 sontesque
1601 2118 1698 2160 virgis

961 2161 1184 2198 caedebant,et
1210 2162 1315 2192 securi
1345 2162 1510 2196 feriebant,
1542 2167 1578 2191 ut
1603 2163 1699 2193 refert

961 2203 1150 2235 Plutarchus
1166 2205 1199 2234 in
1209 2203 1306 2234 Rom.
1351 2204 1416 2243 Qui
1431 2210 1540 2235 autem
1559 2203 1700 2243 tmpera-

961 2253 1042 2279 tores
1073 2248 1197 2278 fuerant
1226 2245 1384 2287 appellati,
1416 2246 1553 2286 insignia
1581 2245 1701 2286 laureae

961 2289 1099 2323 fascibus
1114 2290 1339 2329 adjungebant.

970 2330 972 2332 ’
1003 2334 1053 2364 90.
1067 2333 1169 2363 Quoad
1181 2332 1313 2363 tenendos
1323 2331 1443 2372 pulos-12]
1471 2332 1594 2364 Tenuit
1618 2342 1700 2365 suos

956 2375 1082 2406 lictores
1098 2375 1208 2407 Cicero
1223 2385 1327 2416 usque
1352 2376 1392 2406 ad
1417 2385 1564 2406 mensem
1593 2377 1694 2407 Octo-

955 2419 1059 2456 brem,
1074 2419 1198 2450 caesare
1215 2418 1329 2449 iterum
1342 2419 1518 2456 Dictatore,
1529 2429 1597 2461 quo
1609 2426 1695 2452 terne

953 2471 1030 2500 pore
1045 2462 1083 2493 ad
1099 2470 1223 2502 portam
1237 2471 1291 2493 eos
1312 2461 1440 2500 abjecit,
1466 2469 1497 2493 et
1514 2463 1624 2493 urbem
1641 2462 1691 2494 in-

952 2515 1074 2545 gressus
1092 2513 1152 2541 est,
1181 2512 1354 2546 postquam
1377 2514 1430 2536 eos
1452 2513 1531 2538 curn
1555 2505 1693 2546 imperio

951 2558 1050 2578 annos
1068 2556 1206 2588 quatuor
1221 2549 1382 2578 tenuisset.

995 2593 1044 2621 22.
1073 2591 1157 2626 Vide,
1185 2602 1291 2632 qnoeso,
1307 2590 1443 2630 Tubero]
1465 2591 1526 2623 Per
1548 2590 1690 2632 Epipho-

954 2643 1051 2664 nema
1065 2635 1104 2664 ad
1118 2635 1326 2665 Tuberonem
1340 2634 1494 2665 convertit
1509 2635 1688 2665 orationem

953 2687 1061 2713 suam,
1078 2684 1109 2708 et
1121 2678 1177 2714 ait,
1195 2678 1219 2708 si
1235 2678 1273 2708 de
1288 2687 1349 2708 suo
1374 2678 1457 2708 sacto
1472 2686 1538 2708 non
1561 2677 1689 2709 dubitat

953 2719 1108 2756 confiteri,
1135 2727 1167 2751 et
1198 2721 1255 2760 ipsi
1287 2721 1410 2760 ignovit
1433 2720 1547 2757 caesar,
1573 2720 1688 2760 quidni

950 2763 1063 2802 Ligarii
1078 2764 1199 2794 facturn
1215 2773 1343 2806 quoque
1367 2764 1451 2797 ausit
1473 2763 1631 2803 confiteri,
1647 2767 1686 2795 ut

948 2806 1053 2840 eidem
1070 2805 1234 2846 ignoscat?

1524 2958 1653 2997 sceret,
1666 2932 1689 2998 Ξ
