1872 3140
399 106 632 160 ORATIO
660 107 781 159 PRO
809 107 862 158 T.
884 109 1070 158 ANNIO
1100 107 1343 158 MILONE.

115 226 176 279 ut,
196 229 316 271 'etiarn
346 230 378 271 si
407 231 450 272 id
480 231 586 273 Milo
615 231 787 281 fecisset,
808 237 951 273 cuncta
981 230 1117 272 civitas
1153 245 1241 271 cam
1270 229 1431 271 laudem
1460 243 1534 283 pro
1554 227 1625 270 su'a

112 286 333 329 ‘vindicaret
350 285 364 328 ?
397 287 526 343 Atqui
557 300 640 330 erat
661 290 703 330 id
723 289 916 343 temporis
937 289 1172 329 clarissimus
1193 299 1233 329 et
1253 285 1491 328 fortissimus
1511 284 1624 326 Con-

114 343 190 392 sul,
222 343 407 386 inimicus
444 346 605 394 Clodio,
625 345 672 386 P.
705 345 918 395 Lentulus,
955 346 1064 386 ultor
1099 345 1257 386 sceleris
1291 345 1411 391 illius,
1446 358 1624 398 propug-
1641 347 1695 384 35

111 409 228 440 nator
245 400 432 451 Senatus,
467 401 656 444 defensor
673 414 815 444 vestrae
854 402 1084 452 voluntatis,
1118 413 1310 456 patronus
1337 401 1442 441 illius
1472 399 1624 454 publici

110 455 341 508 consensfiS,
361 459 569 501 restitutor
588 460 723 501 salutis
743 474 869 500 meae:

898 468 1051 513 septem
1084 459 1307 507 Praetore53
1339 468 1430 498 octo
1449 457 1623 498 tribuni-

109 512 251 566 plebis,
270 515 374 556 illius
409 517 637 566 adversarii,
658 516 891 557 defensores
910 516 1015 556 mei:
1045 515 1123 556 Cn.
1161 514 1378 569 Pompeius
1407 525 1547 555 auctor
1580 523 1621 553 et

109 569 196 610 dux
226 572 307 612 mei
341 566 511 622 reditus,
544 574 648 614 illius
681 573 833 614 hostis:
862 573 974 624 cujus
1007 572 1250 613 sententiam
1289 571 1456 612 Senatus
1490 570 1621 611 omnis

109 626 161 666 de
181 628 308 670 salute
328 629 417 671 'm‘eii
451 631 723 686 gravissimam
761 640 800 670 et
835 629 1128 670 ornatissimam
1160 639 1318 670 secutus
1339 639 1420 668 est:
1451 628 1519 682 qui
1550 641 1621 682 po·
1639 634 1696 670 40

110 685 251 736 pulum
283 686 525 728 Romanum
549 688 780 726 cohortatus
818 696 905 726 est:
950 684 1036 739 qui,
1079 682 1174 725 cum
1218 685 1270 725 de
1310 699 1376 725 me
1411 686 1620 726 decretum

112 739 262 794 Capuae
282 743 454 793 fecisset,
491 743 574 797 ipse
594 754 750 783 cunctae
779 742 905 783 Italiae
940 743 1119 796 cupienti
1139 752 1179 782 et
1209 742 1292 793 ejus
1331 742 1456 782 fidem
1477 743 1623 797 implo-

110 797 215 838 ranti
256 800 415 855 signum
449 800 575 849 dedit,
604 810 648 840 ut
688 801 738 840 ad
776 814 841 840 me
871 799 1167 840 restituendum
1198 798 1377 838 Romam
1406 813 1622 839 concurre·

109 865 228 905 rent3
262 857 397 898 omnia
417 868 505 898 turn
526 857 703 910 denique
738 856 780 897 in
801 857 914 896 illum
935 856 1026 897 odia
1057 856 1206 897 civium
1240 855 1434 896 ardebant
1466 855 1623 910 deside-

107 912 168 950 rio
202 913 309 953 mei:
354 928 477 968 quem
508 913 577 968 qui
606 924 694 954 tum
723 913 1006 962 interemisset,
1049 927 1134 953 non
1164 913 1215 952 de
1256 912 1494 966 impunitate
1524 912 1622 964 ejus,
1641 919 1694 956 45

109 967 179 1008 sed
200 969 251 1009 de
270 970 444 1024 praemiis
464 971 724 1026 cogitaretur.
779 971 939 1010 Tamen
960 984 1001 1010 se
1021 970 1126 1010 Milo
1157 969 1371 1018 continuit,
1393 979 1431 1010 et
1458 968 1505 1009 P.
1528 970 1625 1010 Clo»

106 1024 220 1065 dium
250 1027 299 1066 ad
323 1027 522 1079 judicium
558 1027 631 1076 bis,
671 1028 721 1067 ad
751 1035 765 1051 '²
786 1027 868 1067 vim
898 1041 1109 1081 nunquam
1138 1026 1307 1067 vocavit.

1368 1026 1480 1068 Ouid
1497 1024 1512 1066 ?
1543 1027 1627 1081 pri-

108 1092 200 1122 vato
223 1082 394 1133 Milone,
416 1096 454 1125 et
474 1099 544 1125 reo
576 1085 655 1125 rad
689 1085 901 1138 populum,
935 1094 1144 1124 accusante
1177 1083 1226 1124 P.
1260 1082 1422 1131 Clodio,
1457 1080 1550 1124 cum
1581 1083 1625 1124 in

106 1137 185 1178 Cn.
205 1137 446 1194 Pompeium
466 1156 540 1196 pro
562 1140 720 1182 Milone
740 1143 944 1182 dicentem
964 1141 1139 1195 impetus
1159 1140 1285 1180 factus
1306 1153 1364 1180 est
1381 1156 1394 1189 ·,
1424 1153 1514 1194 quae
1534 1150 1623 1181 tum

106 1208 190 1248 non
211 1196 336 1238 mode>
364 1200 530 1246 occasio,
562 1199 631 1239 sed
652 1199 773 1239 etiam
793 1213 907 1239 causa
928 1198 1033 1238 illius
1058 1197 1314 1252 opprimendi
1335 1195 1444 1237 fuit?
1477 1197 1623 1253 Nuper
1641 1203 1696 1240 50

106 1249 205 1293 vero
226 1251 320 1295 cum
341 1255 404 1296 M.
436 1256 643 1297 Antonius
664 1270 862 1296 summam
884 1269 995 1310 spem
1017 1255 1153 1295 salutis
1174 1254 1288 1295 bonis
1309 1254 1496 1296 omnibus
1515 1266 1623 1296 attu-

104 1307 227 1360 lisset,
247 1313 601 1368 gravissimamque
630 1314 860 1353 adolescens
884 1312 1153 1353 nobilissimus
1183 1312 1340 1366 reipub.
1362 1315 1518 1366 partem
1537 1311 1624 1353 for-

107 1366 256 1409 tissime
276 1371 528 1424 suscepisset,
559 1381 680 1424 atque
715 1371 825 1410 illam
858 1370 1051 1421 belluam,
1067 1369 1211 1421 judicii
1231 1370 1395 1424 laqueos
1415 1369 1622 1410 declinan-

351 1513 366 1525 ἃ

561 1538 574 1553 ·’
591 1543 705 1573 arma.

150 1701 199 1730 513.
220 1696 293 1730 Eam
309 1695 446 1742 landem]
465 1701 700 1740 Intelligiteam
714 1700 843 1732 laudem

107 1752 208 1782 quam
223 1743 283 1773 sibi
314 1743 397 1774 Milo
424 1745 542 1784 peperit
574 1745 616 1774 ob
641 1745 843 1775 interfectum

107 1786 270 1816 Clodium.

150 1831 190 1859 34-
205 1828 842 1870 I‘brrissimnsConsul.]LentulusSpinther.

151 1874 202 1903 37.
219 1872 331 1912 Septem
344 1874 504 1914 pretores]
521 1876 642 1904 Omnes
659 1874 704 1904 illi
721 1875 842 1904 Praeto-

109 1924 155 1946 res
168 1914 317 1946 volebant
329 1917 517 1947 Ciceronem
532 1917 676 1948 revocari.

129 1960 180 1988 38.
197 1957 252 1988 Cn.
268 1959 422 2000 Hnnpeius
435 1960 556 1999 aneton]
578 1960 748 1999 Pompeius
763 1967 841 1989 cum

110 2002 156 2032 M.
170 2002 282 2033 Crasso
292 2009 323 2033 et
334 2002 420 2033 Juiio
430 2003 551 2034 Caesare
562 2004 668 2044 gloria:
681 2003 842 2034 Ciceronis

109 2045 281 2082 invidebat,
301 2047 379 2086 quia
402 2043 531 2076 summ&
557 2048 744 2077 auctoritate
758 2047 842 2085 apud

107 2097 219 2119 omnes
231 2089 355 2119 valebat
367 2090 409 2119 ob
422 2090 596 2120 extinctam
611 2090 756 2120 Catilium
768 2098 843 2120 con-

103 2130 311 2170 jurationem.
329 2130 400 2172 Qua
411 2130 550 2162 ‹lt-causa
565 2141 673 2172 passus
687 2140 732 2162 est
744 2133 842 2162 Pom-

107 2175 197 2214 peius
224 2182 259 2205 ut
288 2176 319 2205 in
335 2175 468 2207 exilium
485 2174 502 2205 a
520 2175 632 2206 Clodio
658 2175 837 2215 pelleretur,

105 2218 156 2247 cui
173 2219 321 2249 obsistere
338 2218 429 2249 facile
445 2219 598 2259 Pompeio
611 2219 728 2249 fuisset.
773 2219 838 2248 Ve-

106 2258 177 2290 riirn
198 2260 274 2292 cum
301 2261 455 2292 intellexit
471 2263 652 2302 Pompeius,
678 2262 754 2292 hinc
779 2259 839 2291 sibi

105 2313 287 2335 succensere
301 2305 463 2336 Senatores
474 2313 505 2335 et
519 2306 650 2346 Equites
661 2305 838 2341 universos,

105 2345 197 2386 quod
212 2357 276 2377 nun
293 2358 387 2387 opem
404 2355 434 2378 et
458 2349 583 2379 homini
602 2350 639 2378 de
655 2358 699 2384 se,
727 2355 757 2377 et
774 2344 837 2377 toti

107 2388 233 2427 Repub.
250 2390 330 2421 bene
347 2392 460 2422 merito
476 2391 610 2427 tulisset,
626 2398 658 2421 et
673 2391 757 2421 idem
779 2390 838 2420 sibi

107 2432 290 2472 periculum
316 2432 334 2464 ἱι
359 2433 471 2464 Clodio
495 2435 693 2475 impendere,
718 2434 840 2474 primus

106 2476 268 2510 omniurn,
283 2476 356 2506 licet
373 2476 474 2508 Clodii
501 2477 568 2517 lege
590 2485 723 2507 cautum
746 2483 838 2513 esset,

107 2527 145 2547 ne
162 2519 231 2556 quis
245 2518 368 2555 Praetor,
382 2520 552 2555 Tribunus,
568 2526 625 2551 aut
649 2519 730 2550 alius
751 2520 838 2558 quis-

105 2562 192 2600 piam
207 2561 243 2591 de
260 2562 421 2593 Ciceronis
434 2563 535 2594 reditu
548 2563 746 2595 mentionem
758 2564 837 2593 facc-

106 2603 281 2638 ret,retulit
306 2606 343 2635 ad
363 2605 516 2636 Senatum
528 2608 565 2637 de
583 2606 735 2636 Cicerone
748 2615 839 2635 revo-

107 2647 220 2683 cando,
235 2646 326 2686 cujus
342 2647 450 2679 laudes
466 2648 598 2679 mirifice
610 2649 801 2687 praedicavit.

149 2690 201 2720 41.
221 2689 398 2730 Decretum]
419 2691 562 2730 Capuani
579 2692 741 2722 decretum
759 2693 839 2722 fece-

105 2741 190 2767 runt,
206 2740 241 2762 ut
256 2733 367 2763 Cicero
382 2736 605 2764 restitueretur.
642 2734 690 2773 Ex
704 2732 766 2765 tota*
780 2735 839 2764 Ita-

106 2773 146 2806 li&
162 2784 316 2806 venerunt
332 2775 423 2815 legati
437 2778 475 2807 ¹.le
497 2778 706 2817 Pompeium,
723 2778 840 2816 quibus

106 2818 272 2857 imperavit
286 2820 394 2851 venire
410 2820 557 2856 Rumam,
574 2820 678 2860 idque,
692 2818 709 2850 ἐ
723 2821 841 2851 Senatu

109 2870 219 2901 petere.

839 2910 912 2945 ΓΖΛ

1019 1532 1034 1555 f
1044 1533 1153 1585 apud.

928 1702 982 1732 413.
999 1701 1119 1742 Signum
1133 1697 1235 1741 dedit]
1255 1697 1399 1731 Verbum
1426 1701 1574 1739 militare,
1590 1701 1621 1734 id

885 1752 944 1778 est,
957 1745 1142 1774 cohortatus
1156 1750 1212 1778 est,
1230 1744 1508 1783 quemadmodum
1530 1745 1622 1776 miles

886 1789 938 1817 dat
950 1795 1111 1824 tesseram,
1124 1785 1256 1826 quando
1271 1786 1447 1817 ineundum
1458 1795 1504 1817 est
1524 1796 1622 1819 certa‘-

888 1839 972 1861 rnen.

928 1875 980 1904 47.
997 1873 1114 1903 Privato
1131 1871 1270 1912 Milone]
1291 1872 1355 1913 Qui
1371 1873 1502 1904 functus
1519 1874 1635 1905 fuerat*

886 1915 1093 1957 Magistratu,
1136 1914 1275 1955 privatus
1317 1917 1495 1954 dicebatur;
1540 1918 1621 1948 dum

885 1969 986 2001 quern
1001 1965 1133 1999 gereret,
1146 1968 1292 1990 accusare
1309 1969 1406 1990 nemo
1422 1967 1552 1999 poterat.

917 2004 970 2033 48.
982 2003 1024 2032 In
1035 2002 1089 2032 Cn.
1103 2001 1271 2043 Pompeium
1281 2001 1517 2043 impetue.]Cum
1524 2003 1620 2035 Pom·

887 2047 975 2086 peius
990 2047 1108 2086 incepit
1129 2055 1185 2085 pro
1198 2045 1324 2076 Milone
1335 2047 1448 2083 dicere,
1474 2046 1619 2077 Clodiani

885 2091 1061 2120 clamorem
1078 2088 1245 2119 sustulere.
1291 2089 1390 2128 quue
1414 2091 1441 2119 ei
1469 2089 1619 2129 perpetua}

886 2133 1027 2163 oratione
1043 2132 1188 2171 contigit,
1205 2141 1270 2162 non
1286 2131 1383 2162 modo
1401 2139 1436 2162 ut
1461 2133 1619 2163 acclama-

883 2183 980 2212 retur,
994 2175 1046 2206 sed
1063 2176 1159 2205 etiam
1176 2182 1213 2204 ut
1231 2175 1377 2205 convicio
1388 2180 1419 2205 et
1441 2176 1618 2207 maledictis

884 2219 1098 2258 impediretur.
1145 2218 1205 2248 Sed
1221 2217 1238 2247 31
1255 2218 1388 2248 dicendo
1413 2228 1477 2248 non
1493 2226 1539 2249 est
1565 2220 1616 2250 de-

885 2262 1020 2296 territus,
1035 2271 1088 2291 sex
1104 2261 1189 2293 enim
1207 2263 1299 2291 horas
1315 2262 1401 2292 dixit.

927 2306 979 2334 51.
994 2302 1272 2345 rl{.s1r1!o›1i1‹s.]M.
1287 2305 1444 2335 Antonius
1454 2305 1616 2346 insecutus

880 2354 926 2378 est
940 2347 1105 2383 Clodium,
1122 2353 1157 2376 ut
1173 2356 1248 2377 cnm
1265 2347 1464 2385 interficeret,
1481 2358 1616 2389 remque

883 2392 1093 2430 transegisset,
1104 2390 1162 2420 nisi
1181 2390 1233 2420 ille
1246 2400 1277 2419 se
1290 2390 1349 2421 sub
1365 2391 1464 2421 scalas
1478 2392 1614 2421 taber-nze
1629 2403 1632 2408 ·

884 2433 1016 2464 librari-‘e
1045 2433 1241 2471 conjecisset,
1268 2433 1382 2473 hisque
1396 2434 1542 2474 oppilatis
1553 2435 1639 2464 im?

884 2485 995 2516 petum
1024 2476 1126 2506 Clodii
1150 2475 1394 2515 compressisset.
1449 2478 1477 2507 Is
1504 2482 1616 2508 autem

881 2521 1040 2550 Antonius
1069 2519 1138 2553 suit,
1163 2520 1219 2559 qui
1251 2519 1358 2559 postea
1381 2520 1472 2550 civile
1489 2519 1617 2550 bellum

882 2572 958 2593 curn
971 2564 1117 2602 Augusto
1129 2563 1234 2601 gessit,
1248 2560 1332 2602 prius
1346 2563 1475 2603 quidem
1491 2563 1615 2593 amicus

884 2606 1054 2641 Ciceronis,
1074 2603 1179 2644 postea
1196 2605 1271 2635 vero
1287 2605 1386 2635 hostis
1413 2605 1566 2646 capitaliS‚
1583 2613 1615 2636 et

882 2649 950 2687 eju3
966 2649 1052 2678 necis
1067 2655 1188 2680 auctor.

925 2694 977 2722 573.
995 2691 1088 2721 Illam
1101 2690 1231 2720 belluam.
1259 2690 1409 2721 Clodium
1421 2688 1569 2731 intelligit
1584 2698 1615 2722 et

883 2732 1027 2775 allegorifi
1046 2735 1247 2764 utimr-ducta
1260 2732 1277 2762 Ξι
1294 2732 1417 2769 belluis,
1433 2741 1506 2774 quae
1519 2743 1616 2765 vena-

884 2785 992 2808 torum
1007 2776 1137 2817 laqueos
1153 2776 1300 2806 devitant.

1517 2916 1615 2955 tem,

1619 121 1698 158 323
