1872 3140
150 94 238 135 470

603 87 671 130 M.
702 85 913 130 TULLII
944 83 1290 139 CICERONIS,
1320 84 1396 130 sce.

227 202 398 247 meritus
419 202 484 255 sit,
518 212 563 243 ut
583 200 648 242 his
669 200 924 242 ornamentis
953 199 1134 242 decorari
1155 200 1324 254 debeat3
1358 201 1559 244 Senatum
1581 216 1762 254 censere,

230 273 351 310 atque
387 261 409 301 ὲ
446 258 662 314 republica
681 258 931 308 existimare,
971 257 1108 300 aediles
1138 258 1299 300 curules
1335 258 1534 312 edictum,
1570 259 1682 316 quod
1715 261 1766 302 de

158 324 212 360 25
229 313 442 360 funeribus
464 317 659 368 habeant,
696 317 785 357 Ser.
825 314 1016 371 Sulpicii,
1052 316 1112 359 Q.
1148 317 1196 358 F.
1232 316 1452 367 Lemonia,
1479 318 1598 367 Rufi,
1630 316 1767 359 funeri

230 377 245 401 ¹³
265 376 451 418 mittere:
486 373 630 430 utique
668 372 809 414 locum
846 373 1031 429 sepulcro
1062 372 1106 415 in
1141 389 1290 429 campo
1317 373 1536 430 Esquilino
1558 376 1608 418 Ο.
1633 375 1766 417 Pansa

229 432 408 482 Consul,
447 446 517 472 sen
553 445 635 488 quo
671 430 715 471 in
750 430 844 472 loco
879 430 1093 482 videbitur,
1123 431 1246 486 pedes
1265 430 1436 488 triginta
1453 443 1765 490 quoquoversus

229 490 430 546 adsignet,
465 503 547 546 quo
584 489 667 530 Ser.
705 488 915 544 Sulpicius
952 487 1175 541 inferatur3
1209 488 1321 546 quod
1347 488 1598 544 sepulcrum,
1621 489 1766 546 ipsius,

228 549 470 596 liberorum,
495 555 836 603 posterorumque
868 546 956 604 ejus
978 544 1046 599 sit,
1082 545 1144 589 uti
1164 546 1277 604 quod
1309 547 1471 604 optimo
1497 547 1593 604 jure
1627 547 1764 604 sepul-

159 612 215 646 30
232 620 351 648 crum
372 602 540 661 publice
562 603 707 646 datum
725 613 798 647 est.

874 726 892 751 ¹³
900 739 1110 778 proponere.

274 855 325 886 24.
346 853 487 886 Edictum
503 853 583 895 quod
603 852 638 883 cle
643 852 807 891 funeribus
819 851 977 894 habeant]

231 899 348 931 Cicero
362 898 504 930 decernit
521 905 556 928 ut
571 896 725 928 Consules
739 896 871 946 jubeant
882 897 979 928 AEdi-

228 943 326 980 libus,
343 954 379 974 ut
396 943 429 974 id
445 949 556 973 curent
571 942 612 972 ad
630 941 762 984 Sulpicii
788 941 979 972 memoriam

231 987 388 1024 exhiberi,
406 987 493 1029 quod
506 986 539 1017 in
552 985 708 1017 edictis-et
724 985 880 1016 mandatis
898 984 979 1027 pub-

230 1031 299 1063 licis
322 1032 361 1063 de
385 1031 550 1062 funeribus
584 1030 719 1071 publicis
733 1030 883 1060 ornandis
898 1040 980 1071 praej-

231 1076 388 1120 scriptum
401 1083 449 1106 est
462 1076 478 1105 ἷι
490 1074 680 1115 Republica,
718 1075 768 1105 Ad
781 1073 908 1105 AEdiles
924 1084 980 1105 au·

229 1128 298 1154 tem
314 1120 471 1162 pertinuit
487 1119 578 1150 ludos
594 1118 740 1150 funebres
757 1117 918 1149 exhibere.

275 1166 327 1196 26.
351 1165 460 1206 Campo
476 1163 661 1204 Esquilina]
687 1162 825 1204 Campus
840 1161 980 1203 Esquili-

230 1219 289 1240 nus
307 1209 332 1240 is
343 1216 424 1245 erat,
435 1207 490 1250 qui
507 1208 538 1238 in
553 1207 631 1239 urbe
643 1205 717 1237 colli
729 1205 895 1246 Esquilino
907 1206 980 1237 sub-

229 1254 333 1296 jectus
355 1260 424 1284 erat
437 1263 442 1280 ε
467 1252 605 1294 quidam
620 1250 692 1292 lege
717 1261 769 1281 ΧΠ
798 1249 980 1281 tabularum

230 1307 363 1329 cautum
382 1297 499 1334 fuerat,
511 1304 546 1327 ut
562 1305 658 1326 nemo
683 1294 716 1325 in
732 1293 812 1325 utbe
829 1294 980 1336 sepelire-

225 1349 410 1379 *tuntamen
421 1340 453 1371 in
471 1343 504 1371 εὲὶ
516 1340 594 1371 viris
606 1338 710 1374 claris,
721 1346 753 1369 et
762 1338 843 1369 ben&
861 1338 899 1369 de
916 1339 980 1370 Re-

231 1384 362 1429 publicss
376 1384 499 1416 meritis
514 1383 675 1426 sepultura
688 1382 934 1414 concedebatur.

278 1431 329 1460 23.
345 1429 515 1470 Adsignet.]
546 1428 582 1459 Id
609 1435 666 1464 est,
689 1427 844 1459 describat
860 1433 892 1458 et
909 1435 982 1458 tan-

233 1485 331 1518 quam
346 1473 514 1516 proprium
541 1471 616 1515 ipsis
632 1472 671 1503 ad
693 1473 889 1514 sepulturam
905 1482 982 1503 con-

234 1519 337 1550 cedat.
384 1519 458 1549 Hoc
471 1516 556 1548 enim
571 1516 704 1548 verbum
718 1516 935 1547 monumentis
947 1526 982 1547 ac

233 1562 390 1597 limitibus
410 1562 547 1595 maxime}
563 1560 729 1596 convenit:
751 1560 828 1594 hine
844 1560 877 1593 in
897 1570 982 1592 mar-

1021 851 1168 884 moribus
1197 851 1297 895 antiq.
1346 852 1445 884 Locus
1470 853 1641 893 assignatus
1665 862 1770 883 monu-

1022 901 1120 928 mento
1132 911 1142 928 .·
1166 896 1242 929 hinc
1255 900 1314 939 kp.
1334 898 1381 928 19.
1398 897 1438 928 ad
1447 898 1520 928 Att.
1539 898 1576 928 L.
1586 897 1617 926 3-
1629 896 1770 937 iMz'hique

1023 952 1060 971 em
1075 953 1148 983 agro
1164 947 1214 972 tuo
1229 947 1346 972 tantum
1371 941 1514 982 assignes,
1536 945 1683 982 quantum
1709 951 1771 972 meo

1024 994 1142 1027 corpure
1153 987 1293 1026 occupari
1306 989 1410 1026 potest.
1453 985 1524 1016 Alii
1538 985 1770 1027 legunt,desig-

1023 1035 1085 1067 net,
1100 1030 1188 1071 quod
1211 1029 1319 1062 minus
1343 1029 1500 1061 convenit.
1546 1029 1770 1071 Designatores

1024 1074 1111 1105 enim
1127 1074 1290 1112 dicuntur,
1317 1073 1372 1115 qui
1401 1074 1462 1116 ipsi
1486 1073 1710 1105 conducuntur
1732 1080 1769 1105 ut

1022 1118 1137 1149 funera
1160 1125 1284 1155 curent,
1299 1126 1331 1150 et
1347 1125 1382 1149 ut
1397 1117 1540 1149 defuncti
1557 1128 1631 1149 cum
1645 1117 1770 1156 honorp

1025 1162 1210 1194 efferantur.
1269 1162 1363 1193 Unde
1378 1163 1494 1192 Horat.
1512 1161 1565 1193 lib.
1586 1165 1613 1192 1.
1628 1161 1722 1204 epist.
1738 1164 1768 1192 7.

1025 1207 1256 1247 Designatorem
1265 1207 1385 1237 decorat
1399 1207 1550 1237 lictoribus
1561 1206 1645 1236 atris.
1688 1205 1768 1236 Atri

1023 1252 1120 1292 porro
1146 1251 1309 1287 dicuntur,
1325 1258 1458 1292 propter
1473 1258 1558 1282 atras
1570 1257 1682 1288 vestes,
1697 1249 1768 1292 qui-

1023 1295 1082 1326 bus
1095 1294 1128 1325 in
1144 1294 1306 1325 funeribus
1323 1294 1505 1325 utebantur.

1068 1338 1115 1369 lb.
1134 1339 1221 1369 Quod
1229 1338 1416 1380 sepulcrum]
1437 1337 1587 1380 Sepulcra
1597 1336 1660 1372 alia
1673 1336 1769 1369 fami-

1024 1382 1116 1414 liaria
1131 1382 1332 1419 dicebantur,
1341 1393 1410 1424 quae
1423 1382 1495 1424 quis
1504 1381 1563 1413 sibi
1574 1380 1768 1424 familiaeque

1024 1438 1088 1458 suae
1105 1426 1289 1462 constituit3
1313 1426 1374 1457 alia
1389 1425 1604 1462 haereditaria,
1616 1435 1688 1467 quae
1700 1425 1769 1467 quis

1025 1471 1086 1503 sibi
1100 1471 1345 1512 haeredibusque
1358 1471 1421 1502 suis
1436 1469 1614 1507 constituit,
1628 1468 1682 1500 vel
1696 1479 1767 1511 quae

1025 1515 1270 1561 pater-familias
1281 1515 1354 1558 jure
1368 1514 1573 1549 haereditario
1593 1512 1771 1559 acquisivit.

903 2145 982 2189 FI
979 2144 1064 2189 NI
1060 2145 1102 2189 S.

1521 2885 1529 2895 J
1570 2838 1760 2883 NOTAE
