<?xml version="1.0" encoding="UTF-8"?>
<!DOCTYPE html PUBLIC "-//W3C//DTD XHTML 1.0 Transitional//EN"
    "http://www.w3.org/TR/xhtml1/DTD/xhtml1-transitional.dtd">
<html xmlns="http://www.w3.org/1999/xhtml" xml:lang="en" lang="en">
 <head>
  <title>
</title>
<meta http-equiv="Content-Type" content="text/html;charset=utf-8" />
  <meta name='ocr-system' content='tesseract 3.04.00' />
  <meta name='ocr-capabilities' content='ocr_page ocr_carea ocr_par ocr_line ocrx_word'/>
</head>
<body>
  <div class='ocr_page' id='page_1' title='image "./orationesquaedam00ciceuoft/orationesquaedam00ciceuoft_0557.png"; bbox 0 0 1872 3140; ppageno 0'>
   <div class='ocr_carea' id='block_1_1' title="bbox 752 125 1786 171">
    <p class='ocr_par' dir='ltr' id='par_1_1' title="bbox 752 125 1786 171">
     <span class='ocr_line' id='line_1_1' title="bbox 752 125 1786 171; baseline -0.005 0"><span class='ocrx_word' id='word_1_1' title='bbox 752 127 836 170; x_wconf 85' lang='lat' dir='ltr'>DE</span> <span class='ocrx_word' id='word_1_2' title='bbox 865 125 1234 171; x_wconf 86' lang='lat' dir='ltr'><strong>SENECTUTE.</strong></span> <span class='ocrx_word' id='word_1_3' title='bbox 1705 131 1786 167; x_wconf 84' lang='lat'>515</span> 
     </span>
    </p>
   </div>
   <div class='ocr_carea' id='block_1_2' title="bbox 141 237 1779 2818">
    <p class='ocr_par' dir='ltr' id='par_1_2' title="bbox 185 237 1710 395">
     <span class='ocr_line' id='line_1_2' title="bbox 191 237 1710 298; baseline -0.001 -19"><span class='ocrx_word' id='word_1_4' title='bbox 191 237 245 280; x_wconf 78' lang='lat' dir='ltr'>Et</span> <span class='ocrx_word' id='word_1_5' title='bbox 262 238 394 281; x_wconf 84' lang='lat' dir='ltr'>multa</span> <span class='ocrx_word' id='word_1_6' title='bbox 414 237 601 294; x_wconf 68' lang='lat' dir='ltr'>fortasse,</span> <span class='ocrx_word' id='word_1_7' title='bbox 623 255 718 298; x_wconf 82' lang='lat' dir='ltr'>quae</span> <span class='ocrx_word' id='word_1_8' title='bbox 736 240 823 283; x_wconf 89' lang='lat' dir='ltr'>vult</span> <span class='ocrx_word' id='word_1_9' title='bbox 841 257 854 294; x_wconf 88' lang='lat'>;</span> <span class='ocrx_word' id='word_1_10' title='bbox 886 251 1007 298; x_wconf 86' lang='lat' dir='ltr'>atque</span> <span class='ocrx_word' id='word_1_11' title='bbox 1038 240 1082 282; x_wconf 89' lang='lat' dir='ltr'>in</span> <span class='ocrx_word' id='word_1_12' title='bbox 1112 255 1160 282; x_wconf 83' lang='lat' dir='ltr'>ea</span> <span class='ocrx_word' id='word_1_13' title='bbox 1178 238 1364 296; x_wconf 88' lang='lat' dir='ltr'>quidem,</span> <span class='ocrx_word' id='word_1_14' title='bbox 1384 252 1479 295; x_wconf 80' lang='lat' dir='ltr'>quae</span> <span class='ocrx_word' id='word_1_15' title='bbox 1500 252 1585 279; x_wconf 86' lang='lat' dir='ltr'>non</span> <span class='ocrx_word' id='word_1_16' title='bbox 1606 237 1710 290; x_wconf 85' lang='lat' dir='ltr'>vult,</span> 
     </span>
     <span class='ocr_line' id='line_1_3' title="bbox 186 294 1708 358; baseline 0.001 -23"><span class='ocrx_word' id='word_1_17' title='bbox 186 309 295 358; x_wconf 41' lang='lat' dir='ltr'>saep-e</span> <span class='ocrx_word' id='word_1_18' title='bbox 314 296 438 339; x_wconf 88' lang='lat' dir='ltr'>etiam</span> <span class='ocrx_word' id='word_1_19' title='bbox 457 298 729 340; x_wconf 81' lang='lat' dir='ltr'>adolescentia</span> <span class='ocrx_word' id='word_1_20' title='bbox 756 296 943 342; x_wconf 82' lang='lat' dir='ltr'>incurrit.</span> <span class='ocrx_word' id='word_1_21' title='bbox 1007 297 1118 340; x_wconf 94' lang='lat' dir='ltr'>Illud</span> <span class='ocrx_word' id='word_1_22' title='bbox 1147 298 1244 339; x_wconf 76' lang='lat' dir='ltr'>vero</span> <span class='ocrx_word' id='word_1_23' title='bbox 1272 296 1382 338; x_wconf 87' lang='lat' dir='ltr'>idem</span> <span class='ocrx_word' id='word_1_24' title='bbox 1417 294 1614 338; x_wconf 85' lang='lat' dir='ltr'>Caecilius</span> <span class='ocrx_word' id='word_1_25' title='bbox 1644 294 1708 336; x_wconf 83' lang='lat' dir='ltr'>vi·</span> 
     </span>
     <span class='ocr_line' id='line_1_4' title="bbox 185 354 359 395; baseline 0.017 -3"><span class='ocrx_word' id='word_1_26' title='bbox 185 354 332 394; x_wconf 74' lang='lat' dir='ltr'>nosrus</span> <span class='ocrx_word' id='word_1_27' title='bbox 351 369 359 395; x_wconf 74' lang='grc' dir='ltr'>ε</span> 
     </span>
    </p>

    <p class='ocr_par' dir='ltr' id='par_1_3' title="bbox 447 412 1404 463">
     <span class='ocr_line' id='line_1_5' title="bbox 447 412 1404 463; baseline -0.003 -13"><span class='ocrx_word' id='word_1_28' title='bbox 447 413 533 450; x_wconf 81' lang='lat' dir='ltr'>Tum</span> <span class='ocrx_word' id='word_1_29' title='bbox 552 413 708 463; x_wconf 72' lang='lat' dir='ltr'>equidem</span> <span class='ocrx_word' id='word_1_30' title='bbox 729 415 767 450; x_wconf 78' lang='lat' dir='ltr'>in</span> <span class='ocrx_word' id='word_1_31' title='bbox 783 413 916 451; x_wconf 62' lang='lat' dir='ltr'>seneca?</span> <span class='ocrx_word' id='word_1_32' title='bbox 934 412 996 449; x_wconf 75' lang='lat' dir='ltr'>hoc</span> <span class='ocrx_word' id='word_1_33' title='bbox 1016 412 1144 461; x_wconf 80' lang='lat' dir='ltr'>deputo</span> <span class='ocrx_word' id='word_1_34' title='bbox 1162 413 1404 456; x_wconf 80' lang='lat' dir='ltr'>miserrimum,</span> 
     </span>
    </p>

    <p class='ocr_par' dir='ltr' id='par_1_4' title="bbox 160 465 1779 1427">
     <span class='ocr_line' id='line_1_6' title="bbox 206 465 1779 508; baseline -0.003 -5"><span class='ocrx_word' id='word_1_35' title='bbox 206 506 208 508; x_wconf 13' lang='lat' dir='ltr'><em>r</em></span> <span class='ocrx_word' id='word_1_36' title='bbox 441 466 579 502; x_wconf 76' lang='lat' dir='ltr'>Sentire</span> <span class='ocrx_word' id='word_1_37' title='bbox 595 465 639 501; x_wconf 72' lang='lat' dir='ltr'>eci</span> <span class='ocrx_word' id='word_1_38' title='bbox 655 475 752 503; x_wconf 70' lang='lat' dir='ltr'>telate</span> <span class='ocrx_word' id='word_1_39' title='bbox 769 480 837 503; x_wconf 75' lang='lat' dir='ltr'>esse</span> <span class='ocrx_word' id='word_1_40' title='bbox 854 479 888 502; x_wconf 83' lang='lat' dir='ltr'>sc</span> <span class='ocrx_word' id='word_1_41' title='bbox 905 465 1066 502; x_wconf 63' lang='lat' dir='ltr'>odiosum</span> <span class='ocrx_word' id='word_1_42' title='bbox 1083 465 1199 500; x_wconf 76' lang='lat' dir='ltr'>alteri.</span> <span class='ocrx_word' id='word_1_43' title='bbox 1726 472 1779 508; x_wconf 81' lang='lat'>10</span> 
     </span>
     <span class='ocr_line' id='line_1_7' title="bbox 177 519 1708 579; baseline -0.001 -15"><span class='ocrx_word' id='word_1_44' title='bbox 177 521 423 565; x_wconf 84' lang='lat' dir='ltr'>Jucundum</span> <span class='ocrx_word' id='word_1_45' title='bbox 443 523 596 578; x_wconf 82' lang='lat' dir='ltr'>potius,</span> <span class='ocrx_word' id='word_1_46' title='bbox 613 524 743 579; x_wconf 65' lang='lat' dir='ltr'>quam</span> <span class='ocrx_word' id='word_1_47' title='bbox 772 523 966 568; x_wconf 82' lang='lat' dir='ltr'>odiosum</span> <span class='ocrx_word' id='word_1_48' title='bbox 983 537 997 575; x_wconf 79' lang='lat'>3</span> <span class='ocrx_word' id='word_1_49' title='bbox 1029 530 1074 564; x_wconf 89' lang='lat' dir='ltr'>ut</span> <span class='ocrx_word' id='word_1_50' title='bbox 1103 522 1217 564; x_wconf 88' lang='lat' dir='ltr'>enim</span> <span class='ocrx_word' id='word_1_51' title='bbox 1247 519 1574 563; x_wconf 77' lang='lat' dir='ltr'>adolescentibus</span> <span class='ocrx_word' id='word_1_52' title='bbox 1596 519 1708 563; x_wconf 62' lang='lat' dir='ltr'>bona.</span> 
     </span>
     <span class='ocr_line' id='line_1_8' title="bbox 179 576 1706 637; baseline -0.001 -16"><span class='ocrx_word' id='word_1_53' title='bbox 179 577 320 622; x_wconf 84' lang='lat' dir='ltr'>indole</span> <span class='ocrx_word' id='word_1_54' title='bbox 352 580 533 637; x_wconf 73' lang='lat' dir='ltr'>praeditis</span> <span class='ocrx_word' id='word_1_55' title='bbox 572 581 772 635; x_wconf 87' lang='lat' dir='ltr'>sapientes</span> <span class='ocrx_word' id='word_1_56' title='bbox 803 590 918 623; x_wconf 68' lang='lat' dir='ltr'>senes</span> <span class='ocrx_word' id='word_1_57' title='bbox 948 579 1218 631; x_wconf 87' lang='lat' dir='ltr'>delectantur,</span> <span class='ocrx_word' id='word_1_58' title='bbox 1253 577 1460 635; x_wconf 86' lang='lat' dir='ltr'>leviorque</span> <span class='ocrx_word' id='word_1_59' title='bbox 1481 576 1527 619; x_wconf 85' lang='lat' dir='ltr'>fit</span> <span class='ocrx_word' id='word_1_60' title='bbox 1558 592 1706 620; x_wconf 82' lang='lat' dir='ltr'>eorum</span> 
     </span>
     <span class='ocr_line' id='line_1_9' title="bbox 177 634 1704 695; baseline -0.001 -17"><span class='ocrx_word' id='word_1_61' title='bbox 177 647 381 690; x_wconf 88' lang='lat' dir='ltr'>senectus,</span> <span class='ocrx_word' id='word_1_62' title='bbox 403 636 473 695; x_wconf 92' lang='lat' dir='ltr'>qui</span> <span class='ocrx_word' id='word_1_63' title='bbox 493 638 519 679; x_wconf 67' lang='grc' dir='ltr'>εἰ</span> <span class='ocrx_word' id='word_1_64' title='bbox 544 637 762 693; x_wconf 84' lang='lat' dir='ltr'>juventute</span> <span class='ocrx_word' id='word_1_65' title='bbox 782 637 974 680; x_wconf 86' lang='lat' dir='ltr'>coluntur</span> <span class='ocrx_word' id='word_1_66' title='bbox 992 647 1032 679; x_wconf 91' lang='lat' dir='ltr'>et</span> <span class='ocrx_word' id='word_1_67' title='bbox 1051 636 1276 694; x_wconf 73' lang='lat' dir='ltr'>diliguntur</span> <span class='ocrx_word' id='word_1_68' title='bbox 1291 652 1305 688; x_wconf 91' lang='lat'>;</span> <span class='ocrx_word' id='word_1_69' title='bbox 1338 636 1396 677; x_wconf 89' lang='lat' dir='ltr'>sic</span> <span class='ocrx_word' id='word_1_70' title='bbox 1427 634 1704 679; x_wconf 78' lang='lat' dir='ltr'>adolescentes</span> 
     </span>
     <span class='ocr_line' id='line_1_10' title="bbox 177 692 1699 752; baseline -0.001 -16"><span class='ocrx_word' id='word_1_71' title='bbox 177 708 326 737; x_wconf 81' lang='lat' dir='ltr'>senum</span> <span class='ocrx_word' id='word_1_72' title='bbox 347 693 559 750; x_wconf 82' lang='lat' dir='ltr'>praeceptis</span> <span class='ocrx_word' id='word_1_73' title='bbox 588 694 783 751; x_wconf 88' lang='lat' dir='ltr'>gaudent,</span> <span class='ocrx_word' id='word_1_74' title='bbox 812 695 964 752; x_wconf 87' lang='lat' dir='ltr'>quibus</span> <span class='ocrx_word' id='word_1_75' title='bbox 999 694 1047 736; x_wconf 87' lang='lat' dir='ltr'>ad</span> <span class='ocrx_word' id='word_1_76' title='bbox 1081 694 1280 735; x_wconf 87' lang='lat' dir='ltr'>virtutum</span> <span class='ocrx_word' id='word_1_77' title='bbox 1311 692 1446 735; x_wconf 86' lang='lat' dir='ltr'>studia</span> <span class='ocrx_word' id='word_1_78' title='bbox 1463 692 1673 734; x_wconf 90' lang='lat' dir='ltr'>ducuntur</span> <span class='ocrx_word' id='word_1_79' title='bbox 1684 708 1699 745; x_wconf 85' lang='lat'>3</span> 
     </span>
     <span class='ocr_line' id='line_1_11' title="bbox 173 749 1772 810; baseline 0 -16"><span class='ocrx_word' id='word_1_80' title='bbox 173 766 251 794; x_wconf 86' lang='lat' dir='ltr'>nec</span> <span class='ocrx_word' id='word_1_81' title='bbox 271 751 413 794; x_wconf 74' lang='lat' dir='ltr'>minus</span> <span class='ocrx_word' id='word_1_82' title='bbox 428 750 612 809; x_wconf 81' lang='lat' dir='ltr'>intelligo</span> <span class='ocrx_word' id='word_1_83' title='bbox 633 766 700 794; x_wconf 85' lang='lat' dir='ltr'>me</span> <span class='ocrx_word' id='word_1_84' title='bbox 721 752 851 804; x_wconf 88' lang='lat' dir='ltr'>vobis,</span> <span class='ocrx_word' id='word_1_85' title='bbox 872 754 1000 810; x_wconf 74' lang='lat' dir='ltr'>quam</span> <span class='ocrx_word' id='word_1_86' title='bbox 1021 766 1092 793; x_wconf 84' lang='lat' dir='ltr'>vos</span> <span class='ocrx_word' id='word_1_87' title='bbox 1109 749 1215 793; x_wconf 88' lang='lat' dir='ltr'>mihi</span> <span class='ocrx_word' id='word_1_88' title='bbox 1236 765 1322 792; x_wconf 90' lang='lat' dir='ltr'>esse</span> <span class='ocrx_word' id='word_1_89' title='bbox 1338 750 1558 807; x_wconf 89' lang='lat' dir='ltr'>jucundos.</span> <span class='ocrx_word' id='word_1_90' title='bbox 1619 750 1698 792; x_wconf 87' lang='lat' dir='ltr'>Sed</span> <span class='ocrx_word' id='word_1_91' title='bbox 1723 757 1772 794; x_wconf 81' lang='lat'>15</span> 
     </span>
     <span class='ocr_line' id='line_1_12' title="bbox 174 806 1701 866; baseline -0.002 -15"><span class='ocrx_word' id='word_1_92' title='bbox 174 808 334 861; x_wconf 84' lang='lat' dir='ltr'>videtis,</span> <span class='ocrx_word' id='word_1_93' title='bbox 356 818 403 851; x_wconf 90' lang='lat' dir='ltr'>ut</span> <span class='ocrx_word' id='word_1_94' title='bbox 422 819 610 851; x_wconf 89' lang='lat' dir='ltr'>senectus</span> <span class='ocrx_word' id='word_1_95' title='bbox 630 823 717 851; x_wconf 91' lang='lat' dir='ltr'>non</span> <span class='ocrx_word' id='word_1_96' title='bbox 749 810 878 853; x_wconf 75' lang='lat' dir='ltr'>modo</span> <span class='ocrx_word' id='word_1_97' title='bbox 911 808 1105 866; x_wconf 84' lang='lat' dir='ltr'>languida</span> <span class='ocrx_word' id='word_1_98' title='bbox 1142 818 1264 865; x_wconf 87' lang='lat' dir='ltr'>atque</span> <span class='ocrx_word' id='word_1_99' title='bbox 1298 807 1405 849; x_wconf 89' lang='lat' dir='ltr'>iners</span> <span class='ocrx_word' id='word_1_100' title='bbox 1437 821 1524 849; x_wconf 89' lang='lat' dir='ltr'>non</span> <span class='ocrx_word' id='word_1_101' title='bbox 1543 806 1610 859; x_wconf 91' lang='lat' dir='ltr'>sit,</span> <span class='ocrx_word' id='word_1_102' title='bbox 1632 822 1701 848; x_wconf 86' lang='lat' dir='ltr'>ve-</span> 
     </span>
     <span class='ocr_line' id='line_1_13' title="bbox 172 863 1699 924; baseline -0.002 -16"><span class='ocrx_word' id='word_1_103' title='bbox 172 869 269 909; x_wconf 76' lang='lat' dir='ltr'>rum</span> <span class='ocrx_word' id='word_1_104' title='bbox 300 865 425 909; x_wconf 85' lang='lat' dir='ltr'>etiam</span> <span class='ocrx_word' id='word_1_105' title='bbox 459 865 510 909; x_wconf 88' lang='lat' dir='ltr'>sit</span> <span class='ocrx_word' id='word_1_106' title='bbox 539 881 722 922; x_wconf 88' lang='lat' dir='ltr'>operosa,</span> <span class='ocrx_word' id='word_1_107' title='bbox 741 876 780 908; x_wconf 91' lang='lat' dir='ltr'>et</span> <span class='ocrx_word' id='word_1_108' title='bbox 808 881 967 924; x_wconf 83' lang='lat' dir='ltr'>semper</span> <span class='ocrx_word' id='word_1_109' title='bbox 988 880 1111 924; x_wconf 82' lang='lat' dir='ltr'>agens</span> <span class='ocrx_word' id='word_1_110' title='bbox 1140 864 1295 922; x_wconf 90' lang='lat' dir='ltr'>aliquid</span> <span class='ocrx_word' id='word_1_111' title='bbox 1325 875 1365 906; x_wconf 89' lang='lat' dir='ltr'>et</span> <span class='ocrx_word' id='word_1_112' title='bbox 1384 863 1590 916; x_wconf 83' lang='lat' dir='ltr'>moliens3</span> <span class='ocrx_word' id='word_1_113' title='bbox 1620 865 1699 906; x_wconf 85' lang='lat' dir='ltr'>tale</span> 
     </span>
     <span class='ocr_line' id='line_1_14' title="bbox 172 920 1698 982; baseline 0 -19"><span class='ocrx_word' id='word_1_114' title='bbox 172 922 343 976; x_wconf 85' lang='lat' dir='ltr'>scilicet,</span> <span class='ocrx_word' id='word_1_115' title='bbox 380 924 500 981; x_wconf 88' lang='lat' dir='ltr'>quale</span> <span class='ocrx_word' id='word_1_116' title='bbox 531 925 732 982; x_wconf 83' lang='lat' dir='ltr'>cujusque</span> <span class='ocrx_word' id='word_1_117' title='bbox 763 924 946 967; x_wconf 83' lang='lat' dir='ltr'>studium</span> <span class='ocrx_word' id='word_1_118' title='bbox 977 924 1019 965; x_wconf 89' lang='lat' dir='ltr'>in</span> <span class='ocrx_word' id='word_1_119' title='bbox 1058 923 1262 979; x_wconf 82' lang='lat' dir='ltr'>superiore</span> <span class='ocrx_word' id='word_1_120' title='bbox 1294 921 1379 964; x_wconf 63' lang='lat' dir='ltr'>vita</span> <span class='ocrx_word' id='word_1_121' title='bbox 1409 920 1501 963; x_wconf 88' lang='lat' dir='ltr'>fuit.</span> <span class='ocrx_word' id='word_1_122' title='bbox 1562 921 1698 974; x_wconf 78' lang='lat' dir='ltr'>Quid,</span> 
     </span>
     <span class='ocr_line' id='line_1_15' title="bbox 170 978 1696 1040; baseline -0.001 -18"><span class='ocrx_word' id='word_1_123' title='bbox 170 981 282 1037; x_wconf 76' lang='lat' dir='ltr'>quod</span> <span class='ocrx_word' id='word_1_124' title='bbox 317 981 442 1023; x_wconf 89' lang='lat' dir='ltr'>etiam</span> <span class='ocrx_word' id='word_1_125' title='bbox 476 981 694 1024; x_wconf 82' lang='lat' dir='ltr'>addiscunt</span> <span class='ocrx_word' id='word_1_126' title='bbox 732 981 920 1040; x_wconf 90' lang='lat' dir='ltr'>aliquid?</span> <span class='ocrx_word' id='word_1_127' title='bbox 954 991 999 1023; x_wconf 93' lang='lat' dir='ltr'>ut</span> <span class='ocrx_word' id='word_1_128' title='bbox 1030 980 1229 1023; x_wconf 87' lang='lat' dir='ltr'>Solonem</span> <span class='ocrx_word' id='word_1_129' title='bbox 1250 978 1432 1022; x_wconf 86' lang='lat' dir='ltr'>versibus</span> <span class='ocrx_word' id='word_1_130' title='bbox 1451 978 1696 1036; x_wconf 83' lang='lat' dir='ltr'>gloriantem</span> 
     </span>
     <span class='ocr_line' id='line_1_16' title="bbox 168 1035 1770 1096; baseline -0.001 -16"><span class='ocrx_word' id='word_1_131' title='bbox 168 1037 373 1091; x_wconf 90' lang='lat' dir='ltr'>videmus,</span> <span class='ocrx_word' id='word_1_132' title='bbox 396 1038 469 1096; x_wconf 90' lang='lat' dir='ltr'>qui</span> <span class='ocrx_word' id='word_1_133' title='bbox 499 1053 542 1080; x_wconf 92' lang='lat' dir='ltr'>se</span> <span class='ocrx_word' id='word_1_134' title='bbox 579 1038 762 1096; x_wconf 90' lang='lat' dir='ltr'>quotidie</span> <span class='ocrx_word' id='word_1_135' title='bbox 791 1037 945 1096; x_wconf 91' lang='lat' dir='ltr'>aliquid</span> <span class='ocrx_word' id='word_1_136' title='bbox 981 1037 1260 1080; x_wconf 85' lang='lat' dir='ltr'>addiscentem</span> <span class='ocrx_word' id='word_1_137' title='bbox 1296 1051 1436 1078; x_wconf 86' lang='lat' dir='ltr'>senem</span> <span class='ocrx_word' id='word_1_138' title='bbox 1458 1036 1542 1078; x_wconf 88' lang='lat' dir='ltr'>fieri</span> <span class='ocrx_word' id='word_1_139' title='bbox 1563 1035 1690 1078; x_wconf 85' lang='lat' dir='ltr'>dicit:</span> <span class='ocrx_word' id='word_1_140' title='bbox 1713 1047 1770 1081; x_wconf 77' lang='lat'>‘20</span> 
     </span>
     <span class='ocr_line' id='line_1_17' title="bbox 167 1093 1693 1153; baseline -0.001 -16"><span class='ocrx_word' id='word_1_141' title='bbox 167 1104 216 1138; x_wconf 88' lang='lat' dir='ltr'>ut</span> <span class='ocrx_word' id='word_1_142' title='bbox 244 1110 320 1153; x_wconf 88' lang='lat' dir='ltr'>ego</span> <span class='ocrx_word' id='word_1_143' title='bbox 357 1096 451 1148; x_wconf 87' lang='lat' dir='ltr'>feci,</span> <span class='ocrx_word' id='word_1_144' title='bbox 481 1095 554 1152; x_wconf 87' lang='lat' dir='ltr'>qui</span> <span class='ocrx_word' id='word_1_145' title='bbox 590 1097 760 1138; x_wconf 84' lang='lat' dir='ltr'>Graecas</span> <span class='ocrx_word' id='word_1_146' title='bbox 789 1095 924 1138; x_wconf 86' lang='lat' dir='ltr'>literas</span> <span class='ocrx_word' id='word_1_147' title='bbox 963 1110 1085 1138; x_wconf 84' lang='lat' dir='ltr'>senex</span> <span class='ocrx_word' id='word_1_148' title='bbox 1114 1094 1268 1137; x_wconf 86' lang='lat' dir='ltr'>didici:</span> <span class='ocrx_word' id='word_1_149' title='bbox 1302 1108 1404 1150; x_wconf 90' lang='lat' dir='ltr'>quas</span> <span class='ocrx_word' id='word_1_150' title='bbox 1435 1093 1602 1149; x_wconf 90' lang='lat' dir='ltr'>quidem</span> <span class='ocrx_word' id='word_1_151' title='bbox 1634 1093 1693 1136; x_wconf 85' lang='lat' dir='ltr'>sie</span> 
     </span>
     <span class='ocr_line' id='line_1_18' title="bbox 168 1151 1695 1210; baseline -0.001 -16"><span class='ocrx_word' id='word_1_152' title='bbox 168 1152 288 1195; x_wconf 68' lang='lat' dir='ltr'>avide</span> <span class='ocrx_word' id='word_1_153' title='bbox 307 1152 473 1209; x_wconf 87' lang='lat' dir='ltr'>arripui,</span> <span class='ocrx_word' id='word_1_154' title='bbox 493 1152 610 1210; x_wconf 90' lang='lat' dir='ltr'>quasi</span> <span class='ocrx_word' id='word_1_155' title='bbox 628 1153 869 1196; x_wconf 85' lang='lat' dir='ltr'>diuturnam</span> <span class='ocrx_word' id='word_1_156' title='bbox 898 1152 1013 1196; x_wconf 89' lang='lat' dir='ltr'>sitim</span> <span class='ocrx_word' id='word_1_157' title='bbox 1043 1151 1205 1209; x_wconf 83' lang='lat' dir='ltr'>explere</span> <span class='ocrx_word' id='word_1_158' title='bbox 1239 1152 1425 1207; x_wconf 88' lang='lat' dir='ltr'>cupiens,</span> <span class='ocrx_word' id='word_1_159' title='bbox 1457 1160 1503 1191; x_wconf 89' lang='lat' dir='ltr'>ut</span> <span class='ocrx_word' id='word_1_160' title='bbox 1529 1165 1575 1193; x_wconf 87' lang='lat' dir='ltr'>ea</span> <span class='ocrx_word' id='word_1_161' title='bbox 1606 1151 1695 1206; x_wconf 79' lang='lat' dir='ltr'>ipsa</span> 
     </span>
     <span class='ocr_line' id='line_1_19' title="bbox 166 1207 1691 1267; baseline -0.001 -16"><span class='ocrx_word' id='word_1_162' title='bbox 166 1209 272 1251; x_wconf 90' lang='lat' dir='ltr'>mihi</span> <span class='ocrx_word' id='word_1_163' title='bbox 298 1219 398 1253; x_wconf 90' lang='lat' dir='ltr'>nota</span> <span class='ocrx_word' id='word_1_164' title='bbox 428 1220 577 1262; x_wconf 81' lang='lat' dir='ltr'>essent,</span> <span class='ocrx_word' id='word_1_165' title='bbox 614 1211 763 1267; x_wconf 88' lang='lat' dir='ltr'>quibus</span> <span class='ocrx_word' id='word_1_166' title='bbox 792 1226 860 1253; x_wconf 87' lang='lat' dir='ltr'>me</span> <span class='ocrx_word' id='word_1_167' title='bbox 891 1225 1007 1253; x_wconf 89' lang='lat' dir='ltr'>nunc</span> <span class='ocrx_word' id='word_1_168' title='bbox 1038 1208 1238 1266; x_wconf 78' lang='lat' dir='ltr'>exemplis</span> <span class='ocrx_word' id='word_1_169' title='bbox 1268 1208 1329 1250; x_wconf 88' lang='lat' dir='ltr'>uti</span> <span class='ocrx_word' id='word_1_170' title='bbox 1360 1207 1535 1250; x_wconf 86' lang='lat' dir='ltr'>videtis:</span> <span class='ocrx_word' id='word_1_171' title='bbox 1580 1208 1691 1265; x_wconf 90' lang='lat' dir='ltr'>quod</span> 
     </span>
     <span class='ocr_line' id='line_1_20' title="bbox 170 1264 1693 1322; baseline -0.001 -13"><span class='ocrx_word' id='word_1_172' title='bbox 170 1268 268 1309; x_wconf 77' lang='lat' dir='ltr'>cum</span> <span class='ocrx_word' id='word_1_173' title='bbox 300 1266 444 1310; x_wconf 84' lang='lat' dir='ltr'>fecisse</span> <span class='ocrx_word' id='word_1_174' title='bbox 478 1268 690 1310; x_wconf 89' lang='lat' dir='ltr'>Socratem</span> <span class='ocrx_word' id='word_1_175' title='bbox 729 1267 774 1310; x_wconf 91' lang='lat' dir='ltr'>in</span> <span class='ocrx_word' id='word_1_176' title='bbox 810 1268 960 1311; x_wconf 88' lang='lat' dir='ltr'>fidibus</span> <span class='ocrx_word' id='word_1_177' title='bbox 1005 1267 1206 1318; x_wconf 86' lang='lat' dir='ltr'>audirem,</span> <span class='ocrx_word' id='word_1_178' title='bbox 1237 1265 1381 1308; x_wconf 89' lang='lat' dir='ltr'>vellem</span> <span class='ocrx_word' id='word_1_179' title='bbox 1420 1264 1612 1322; x_wconf 86' lang='lat' dir='ltr'>equidem</span> <span class='ocrx_word' id='word_1_180' title='bbox 1651 1274 1693 1308; x_wconf 85' lang='lat' dir='ltr'>et</span> 
     </span>
     <span class='ocr_line' id='line_1_21' title="bbox 160 1322 1760 1382; baseline -0.001 -16"><span class='ocrx_word' id='word_1_181' title='bbox 160 1323 261 1366; x_wconf 90' lang='lat' dir='ltr'>illud</span> <span class='ocrx_word' id='word_1_182' title='bbox 296 1324 526 1381; x_wconf 87' lang='lat' dir='ltr'>(discebant</span> <span class='ocrx_word' id='word_1_183' title='bbox 553 1325 667 1368; x_wconf 89' lang='lat' dir='ltr'>enim</span> <span class='ocrx_word' id='word_1_184' title='bbox 707 1324 855 1369; x_wconf 84' lang='lat' dir='ltr'>fidibus</span> <span class='ocrx_word' id='word_1_185' title='bbox 890 1324 1089 1382; x_wconf 86' lang='lat' dir='ltr'>antiqui),</span> <span class='ocrx_word' id='word_1_186' title='bbox 1122 1324 1190 1366; x_wconf 82' lang='lat' dir='ltr'>sed</span> <span class='ocrx_word' id='word_1_187' title='bbox 1230 1323 1274 1366; x_wconf 87' lang='lat' dir='ltr'>in</span> <span class='ocrx_word' id='word_1_188' title='bbox 1303 1322 1428 1366; x_wconf 88' lang='lat' dir='ltr'>literis</span> <span class='ocrx_word' id='word_1_189' title='bbox 1461 1326 1567 1364; x_wconf 71' lang='lat' dir='ltr'>certe</span> <span class='ocrx_word' id='word_1_190' title='bbox 1603 1322 1687 1366; x_wconf 86' lang='lat' dir='ltr'>ela·</span> <span class='ocrx_word' id='word_1_191' title='bbox 1708 1333 1760 1367; x_wconf 69' lang='grc'>95</span> 
     </span>
     <span class='ocr_line' id='line_1_22' title="bbox 166 1381 321 1427; baseline -0.019 0"><span class='ocrx_word' id='word_1_192' title='bbox 166 1381 321 1427; x_wconf 84' lang='lat' dir='ltr'>boravi.</span> 
     </span>
    </p>

    <p class='ocr_par' dir='ltr' id='par_1_5' title="bbox 141 1435 1751 2818">
     <span class='ocr_line' id='line_1_23' title="bbox 219 1435 1691 1498; baseline -0.001 -16"><span class='ocrx_word' id='word_1_193' title='bbox 219 1440 294 1482; x_wconf 91' lang='lat' dir='ltr'>IX.</span> <span class='ocrx_word' id='word_1_194' title='bbox 326 1441 421 1482; x_wconf 89' lang='lat' dir='ltr'>Nec</span> <span class='ocrx_word' id='word_1_195' title='bbox 455 1455 568 1483; x_wconf 90' lang='lat' dir='ltr'>nunc</span> <span class='ocrx_word' id='word_1_196' title='bbox 607 1440 775 1498; x_wconf 90' lang='lat' dir='ltr'>quidem</span> <span class='ocrx_word' id='word_1_197' title='bbox 804 1439 908 1484; x_wconf 89' lang='lat' dir='ltr'>vires</span> <span class='ocrx_word' id='word_1_198' title='bbox 956 1438 1139 1482; x_wconf 89' lang='lat' dir='ltr'>desidero</span> <span class='ocrx_word' id='word_1_199' title='bbox 1183 1435 1451 1480; x_wconf 86' lang='lat' dir='ltr'>adolescentis</span> <span class='ocrx_word' id='word_1_200' title='bbox 1487 1437 1540 1493; x_wconf 90' lang='lat' dir='ltr'>(is</span> <span class='ocrx_word' id='word_1_201' title='bbox 1576 1438 1691 1481; x_wconf 68' lang='lat' dir='ltr'>enizn</span> 
     </span>
     <span class='ocr_line' id='line_1_24' title="bbox 161 1494 1689 1554; baseline -0.001 -16"><span class='ocrx_word' id='word_1_202' title='bbox 161 1508 244 1538; x_wconf 86' lang='lat' dir='ltr'>erat</span> <span class='ocrx_word' id='word_1_203' title='bbox 265 1497 380 1539; x_wconf 92' lang='lat' dir='ltr'>locus</span> <span class='ocrx_word' id='word_1_204' title='bbox 415 1498 512 1540; x_wconf 89' lang='lat' dir='ltr'>alter</span> <span class='ocrx_word' id='word_1_205' title='bbox 546 1498 595 1540; x_wconf 89' lang='lat' dir='ltr'>de</span> <span class='ocrx_word' id='word_1_206' title='bbox 627 1498 737 1541; x_wconf 89' lang='lat' dir='ltr'>vitiis</span> <span class='ocrx_word' id='word_1_207' title='bbox 767 1496 1007 1551; x_wconf 86' lang='lat' dir='ltr'>senectutis)</span> <span class='ocrx_word' id='word_1_208' title='bbox 1042 1511 1128 1540; x_wconf 90' lang='lat' dir='ltr'>non</span> <span class='ocrx_word' id='word_1_209' title='bbox 1149 1497 1261 1554; x_wconf 78' lang='lat' dir='ltr'>plus,</span> <span class='ocrx_word' id='word_1_210' title='bbox 1291 1496 1419 1552; x_wconf 64' lang='lat' dir='ltr'>quam</span> <span class='ocrx_word' id='word_1_211' title='bbox 1451 1494 1689 1537; x_wconf 65' lang='lat' dir='ltr'>adolescens</span> 
     </span>
     <span class='ocr_line' id='line_1_25' title="bbox 160 1551 1685 1612; baseline -0.001 -16"><span class='ocrx_word' id='word_1_212' title='bbox 160 1553 281 1607; x_wconf 82' lang='lat' dir='ltr'>tauri,</span> <span class='ocrx_word' id='word_1_213' title='bbox 298 1565 371 1599; x_wconf 89' lang='lat' dir='ltr'>aut</span> <span class='ocrx_word' id='word_1_214' title='bbox 384 1554 592 1612; x_wconf 88' lang='lat' dir='ltr'>elephanti</span> <span class='ocrx_word' id='word_1_215' title='bbox 611 1555 890 1598; x_wconf 84' lang='lat' dir='ltr'>desiderabam</span> <span class='ocrx_word' id='word_1_216' title='bbox 908 1571 915 1598; x_wconf 91' lang='lat'>:</span> <span class='ocrx_word' id='word_1_217' title='bbox 950 1554 1061 1612; x_wconf 91' lang='lat' dir='ltr'>quod</span> <span class='ocrx_word' id='word_1_218' title='bbox 1091 1563 1167 1606; x_wconf 85' lang='lat' dir='ltr'>est,</span> <span class='ocrx_word' id='word_1_219' title='bbox 1189 1569 1236 1595; x_wconf 89' lang='lat' dir='ltr'>eo</span> <span class='ocrx_word' id='word_1_220' title='bbox 1257 1553 1373 1595; x_wconf 89' lang='lat' dir='ltr'>decet</span> <span class='ocrx_word' id='word_1_221' title='bbox 1390 1551 1477 1605; x_wconf 85' lang='lat' dir='ltr'>uti3</span> <span class='ocrx_word' id='word_1_222' title='bbox 1511 1562 1550 1594; x_wconf 92' lang='lat' dir='ltr'>et</span> <span class='ocrx_word' id='word_1_223' title='bbox 1564 1552 1685 1609; x_wconf 84' lang='lat' dir='ltr'>quic-</span> 
     </span>
     <span class='ocr_line' id='line_1_26' title="bbox 160 1610 1688 1670; baseline -0.001 -16"><span class='ocrx_word' id='word_1_224' title='bbox 160 1610 260 1667; x_wconf 87' lang='lat' dir='ltr'>quid</span> <span class='ocrx_word' id='word_1_225' title='bbox 293 1627 404 1670; x_wconf 87' lang='lat' dir='ltr'>agas,</span> <span class='ocrx_word' id='word_1_226' title='bbox 430 1628 546 1669; x_wconf 80' lang='lat' dir='ltr'>agere</span> <span class='ocrx_word' id='word_1_227' title='bbox 585 1628 656 1669; x_wconf 90' lang='lat' dir='ltr'>pro</span> <span class='ocrx_word' id='word_1_228' title='bbox 689 1614 856 1656; x_wconf 74' lang='lat' dir='ltr'>viribus.</span> <span class='ocrx_word' id='word_1_229' title='bbox 918 1613 1030 1657; x_wconf 73' lang='lat' dir='ltr'>Quae</span> <span class='ocrx_word' id='word_1_230' title='bbox 1062 1611 1176 1654; x_wconf 90' lang='lat' dir='ltr'>enim</span> <span class='ocrx_word' id='word_1_231' title='bbox 1207 1626 1290 1653; x_wconf 80' lang='lat' dir='ltr'>vox</span> <span class='ocrx_word' id='word_1_232' title='bbox 1322 1618 1454 1666; x_wconf 88' lang='lat' dir='ltr'>potest</span> <span class='ocrx_word' id='word_1_233' title='bbox 1480 1624 1564 1652; x_wconf 81' lang='lat' dir='ltr'>esse</span> <span class='ocrx_word' id='word_1_234' title='bbox 1587 1625 1688 1652; x_wconf 88' lang='lat' dir='ltr'>con-</span> 
     </span>
     <span class='ocr_line' id='line_1_27' title="bbox 158 1667 1726 1727; baseline -0.002 -16"><span class='ocrx_word' id='word_1_235' title='bbox 158 1669 365 1725; x_wconf 84' lang='lat' dir='ltr'>temptior,</span> <span class='ocrx_word' id='word_1_236' title='bbox 389 1672 516 1727; x_wconf 79' lang='lat' dir='ltr'>quam</span> <span class='ocrx_word' id='word_1_237' title='bbox 538 1670 712 1712; x_wconf 87' lang='lat' dir='ltr'>Milonis</span> <span class='ocrx_word' id='word_1_238' title='bbox 732 1669 1016 1714; x_wconf 60' lang='lat' dir='ltr'>Crotoniatae?</span> <span class='ocrx_word' id='word_1_239' title='bbox 1051 1668 1140 1726; x_wconf 92' lang='lat' dir='ltr'>qui,</span> <span class='ocrx_word' id='word_1_240' title='bbox 1163 1670 1266 1713; x_wconf 78' lang='lat' dir='ltr'>cum</span> <span class='ocrx_word' id='word_1_241' title='bbox 1288 1667 1380 1724; x_wconf 87' lang='lat' dir='ltr'>jam</span> <span class='ocrx_word' id='word_1_242' title='bbox 1410 1681 1533 1709; x_wconf 81' lang='lat' dir='ltr'>senex</span> <span class='ocrx_word' id='word_1_243' title='bbox 1564 1677 1683 1720; x_wconf 85' lang='lat' dir='ltr'>esset,</span> <span class='ocrx_word' id='word_1_244' title='bbox 1702 1671 1726 1708; x_wconf 82' lang='lat'>5</span> 
     </span>
     <span class='ocr_line' id='line_1_28' title="bbox 155 1723 1686 1784; baseline -0.001 -16"><span class='ocrx_word' id='word_1_245' title='bbox 155 1727 410 1784; x_wconf 85' lang='lat' dir='ltr'>athletasque</span> <span class='ocrx_word' id='word_1_246' title='bbox 439 1742 482 1770; x_wconf 87' lang='lat' dir='ltr'>se</span> <span class='ocrx_word' id='word_1_247' title='bbox 501 1728 546 1770; x_wconf 89' lang='lat' dir='ltr'>in</span> <span class='ocrx_word' id='word_1_248' title='bbox 565 1728 768 1770; x_wconf 87' lang='lat' dir='ltr'>curriculo</span> <span class='ocrx_word' id='word_1_249' title='bbox 798 1736 1029 1771; x_wconf 88' lang='lat' dir='ltr'>exercentes</span> <span class='ocrx_word' id='word_1_250' title='bbox 1058 1727 1224 1779; x_wconf 89' lang='lat' dir='ltr'>videret,</span> <span class='ocrx_word' id='word_1_251' title='bbox 1257 1723 1487 1781; x_wconf 76' lang='lat' dir='ltr'>adspexisse</span> <span class='ocrx_word' id='word_1_252' title='bbox 1514 1724 1686 1768; x_wconf 89' lang='lat' dir='ltr'>lacertos</span> 
     </span>
     <span class='ocr_line' id='line_1_29' title="bbox 156 1782 1685 1843; baseline -0.001 -18"><span class='ocrx_word' id='word_1_253' title='bbox 156 1798 251 1826; x_wconf 88' lang='lat' dir='ltr'>suos</span> <span class='ocrx_word' id='word_1_254' title='bbox 278 1785 442 1839; x_wconf 91' lang='lat' dir='ltr'>dicitur,</span> <span class='ocrx_word' id='word_1_255' title='bbox 464 1784 808 1843; x_wconf 84' lang='lat' dir='ltr'>illacrymansque</span> <span class='ocrx_word' id='word_1_256' title='bbox 838 1786 1004 1837; x_wconf 79' lang='lat' dir='ltr'>dixisse,</span> <span class='ocrx_word' id='word_1_257' title='bbox 1039 1785 1101 1826; x_wconf 88' lang='lat' dir='ltr'>At</span> <span class='ocrx_word' id='word_1_258' title='bbox 1135 1783 1179 1825; x_wconf 91' lang='lat' dir='ltr'>hi</span> <span class='ocrx_word' id='word_1_259' title='bbox 1213 1783 1381 1840; x_wconf 83' lang='lat' dir='ltr'>quidem</span> <span class='ocrx_word' id='word_1_260' title='bbox 1406 1782 1498 1839; x_wconf 91' lang='lat' dir='ltr'>jam</span> <span class='ocrx_word' id='word_1_261' title='bbox 1528 1783 1685 1824; x_wconf 87' lang='lat' dir='ltr'>mortui</span> 
     </span>
     <span class='ocr_line' id='line_1_30' title="bbox 154 1840 1683 1901; baseline -0.001 -17"><span class='ocrx_word' id='word_1_262' title='bbox 154 1851 267 1886; x_wconf 75' lang='lat' dir='ltr'>sunt,</span> <span class='ocrx_word' id='word_1_263' title='bbox 325 1843 430 1886; x_wconf 89' lang='lat' dir='ltr'>Non</span> <span class='ocrx_word' id='word_1_264' title='bbox 451 1845 545 1886; x_wconf 74' lang='lat' dir='ltr'>vero</span> <span class='ocrx_word' id='word_1_265' title='bbox 578 1853 663 1885; x_wconf 83' lang='lat' dir='ltr'>tam</span> <span class='ocrx_word' id='word_1_266' title='bbox 691 1844 773 1896; x_wconf 86' lang='lat' dir='ltr'>isti,</span> <span class='ocrx_word' id='word_1_267' title='bbox 806 1846 932 1901; x_wconf 75' lang='lat' dir='ltr'>quam</span> <span class='ocrx_word' id='word_1_268' title='bbox 964 1852 1010 1886; x_wconf 88' lang='lat' dir='ltr'>tu</span> <span class='ocrx_word' id='word_1_269' title='bbox 1038 1842 1140 1899; x_wconf 84' lang='lat' dir='ltr'>ipse,</span> <span class='ocrx_word' id='word_1_270' title='bbox 1167 1849 1369 1898; x_wconf 80' lang='lat' dir='ltr'>nugator3</span> <span class='ocrx_word' id='word_1_271' title='bbox 1402 1854 1535 1895; x_wconf 87' lang='lat' dir='ltr'>neque</span> <span class='ocrx_word' id='word_1_272' title='bbox 1568 1840 1683 1882; x_wconf 85' lang='lat' dir='ltr'>enim</span> 
     </span>
     <span class='ocr_line' id='line_1_31' title="bbox 151 1896 1679 1957; baseline 0 -17"><span class='ocrx_word' id='word_1_273' title='bbox 151 1913 201 1940; x_wconf 83' lang='lat' dir='ltr'>ex</span> <span class='ocrx_word' id='word_1_274' title='bbox 238 1908 278 1941; x_wconf 89' lang='lat' dir='ltr'>te</span> <span class='ocrx_word' id='word_1_275' title='bbox 307 1914 493 1957; x_wconf 89' lang='lat' dir='ltr'>unquam</span> <span class='ocrx_word' id='word_1_276' title='bbox 522 1915 564 1942; x_wconf 86' lang='lat' dir='ltr'>es</span> <span class='ocrx_word' id='word_1_277' title='bbox 594 1901 850 1952; x_wconf 87' lang='lat' dir='ltr'>nobilitatus,</span> <span class='ocrx_word' id='word_1_278' title='bbox 882 1901 950 1942; x_wconf 86' lang='lat' dir='ltr'>sed</span> <span class='ocrx_word' id='word_1_279' title='bbox 990 1914 1038 1942; x_wconf 83' lang='lat' dir='ltr'>ex</span> <span class='ocrx_word' id='word_1_280' title='bbox 1084 1898 1277 1941; x_wconf 88' lang='lat' dir='ltr'>lateribus</span> <span class='ocrx_word' id='word_1_281' title='bbox 1317 1907 1356 1939; x_wconf 87' lang='lat' dir='ltr'>et</span> <span class='ocrx_word' id='word_1_282' title='bbox 1382 1896 1540 1938; x_wconf 86' lang='lat' dir='ltr'>lacertis</span> <span class='ocrx_word' id='word_1_283' title='bbox 1585 1897 1679 1940; x_wconf 86' lang='lat' dir='ltr'>tuis.</span> 
     </span>
     <span class='ocr_line' id='line_1_32' title="bbox 148 1952 1751 2012; baseline -0.002 -13"><span class='ocrx_word' id='word_1_284' title='bbox 148 1956 274 1999; x_wconf 89' lang='lat' dir='ltr'>Nihil</span> <span class='ocrx_word' id='word_1_285' title='bbox 303 1958 412 2000; x_wconf 84' lang='lat' dir='ltr'>Sext.</span> <span class='ocrx_word' id='word_1_286' title='bbox 443 1958 582 2001; x_wconf 88' lang='lat' dir='ltr'>AElius</span> <span class='ocrx_word' id='word_1_287' title='bbox 618 1959 711 2012; x_wconf 89' lang='lat' dir='ltr'>tale,</span> <span class='ocrx_word' id='word_1_288' title='bbox 740 1959 845 2001; x_wconf 89' lang='lat' dir='ltr'>nihil</span> <span class='ocrx_word' id='word_1_289' title='bbox 865 1957 1006 2000; x_wconf 89' lang='lat' dir='ltr'>multis</span> <span class='ocrx_word' id='word_1_290' title='bbox 1025 1956 1144 1999; x_wconf 65' lang='lat' dir='ltr'>anni&gt;-</span> <span class='ocrx_word' id='word_1_291' title='bbox 1165 1958 1260 1998; x_wconf 68' lang='lat' dir='ltr'>ante</span> <span class='ocrx_word' id='word_1_292' title='bbox 1276 1956 1327 1997; x_wconf 89' lang='lat' dir='ltr'>T.</span> <span class='ocrx_word' id='word_1_293' title='bbox 1353 1952 1673 2007; x_wconf 84' lang='lat' dir='ltr'>Coruncanius3</span> <span class='ocrx_word' id='word_1_294' title='bbox 1701 1963 1751 1997; x_wconf 84' lang='lat'>10</span> 
     </span>
     <span class='ocr_line' id='line_1_33' title="bbox 148 2011 1671 2073; baseline -0.001 -18"><span class='ocrx_word' id='word_1_295' title='bbox 148 2012 258 2056; x_wconf 76' lang='lat' dir='ltr'>nihil</span> <span class='ocrx_word' id='word_1_296' title='bbox 288 2014 415 2057; x_wconf 74' lang='lat' dir='ltr'>modo</span> <span class='ocrx_word' id='word_1_297' title='bbox 453 2017 499 2058; x_wconf 87' lang='lat' dir='ltr'>P.</span> <span class='ocrx_word' id='word_1_298' title='bbox 535 2016 733 2058; x_wconf 86' lang='lat' dir='ltr'>Crassus:</span> <span class='ocrx_word' id='word_1_299' title='bbox 765 2019 791 2060; x_wconf 74' lang='lat' dir='ltr'>a</span> <span class='ocrx_word' id='word_1_300' title='bbox 819 2016 968 2073; x_wconf 87' lang='lat' dir='ltr'>quibus</span> <span class='ocrx_word' id='word_1_301' title='bbox 982 2015 1078 2073; x_wconf 89' lang='lat' dir='ltr'>jura</span> <span class='ocrx_word' id='word_1_302' title='bbox 1096 2012 1255 2056; x_wconf 87' lang='lat' dir='ltr'>civibus</span> <span class='ocrx_word' id='word_1_303' title='bbox 1277 2011 1671 2068; x_wconf 85' lang='lat' dir='ltr'>praescribebantur;</span> 
     </span>
     <span class='ocr_line' id='line_1_34' title="bbox 147 2068 1673 2129; baseline -0.001 -16"><span class='ocrx_word' id='word_1_304' title='bbox 147 2085 327 2128; x_wconf 88' lang='lat' dir='ltr'>quorum</span> <span class='ocrx_word' id='word_1_305' title='bbox 348 2087 477 2129; x_wconf 90' lang='lat' dir='ltr'>usque</span> <span class='ocrx_word' id='word_1_306' title='bbox 496 2074 544 2115; x_wconf 89' lang='lat' dir='ltr'>ad</span> <span class='ocrx_word' id='word_1_307' title='bbox 562 2083 795 2115; x_wconf 83' lang='lat' dir='ltr'>extremum</span> <span class='ocrx_word' id='word_1_308' title='bbox 820 2072 1007 2129; x_wconf 88' lang='lat' dir='ltr'>spiritum</span> <span class='ocrx_word' id='word_1_309' title='bbox 1030 2079 1091 2113; x_wconf 71' lang='lat' dir='ltr'>cst</span> <span class='ocrx_word' id='word_1_310' title='bbox 1110 2082 1299 2128; x_wconf 83' lang='lat' dir='ltr'>provecta</span> <span class='ocrx_word' id='word_1_311' title='bbox 1320 2068 1548 2124; x_wconf 85' lang='lat' dir='ltr'>prudentia.</span> <span class='ocrx_word' id='word_1_312' title='bbox 1610 2070 1673 2112; x_wconf 85' lang='lat' dir='ltr'>O·</span> 
     </span>
     <span class='ocr_line' id='line_1_35' title="bbox 146 2126 1672 2188; baseline -0.001 -18"><span class='ocrx_word' id='word_1_313' title='bbox 146 2137 257 2171; x_wconf 87' lang='lat' dir='ltr'>rator</span> <span class='ocrx_word' id='word_1_314' title='bbox 272 2138 413 2172; x_wconf 81' lang='lat' dir='ltr'>metuo</span> <span class='ocrx_word' id='word_1_315' title='bbox 431 2145 481 2172; x_wconf 91' lang='lat' dir='ltr'>ne</span> <span class='ocrx_word' id='word_1_316' title='bbox 498 2130 734 2188; x_wconf 87' lang='lat' dir='ltr'>languescat</span> <span class='ocrx_word' id='word_1_317' title='bbox 755 2139 988 2183; x_wconf 86' lang='lat' dir='ltr'>senectute3</span> <span class='ocrx_word' id='word_1_318' title='bbox 1021 2138 1080 2171; x_wconf 88' lang='lat' dir='ltr'>est</span> <span class='ocrx_word' id='word_1_319' title='bbox 1095 2129 1209 2171; x_wconf 90' lang='lat' dir='ltr'>enim</span> <span class='ocrx_word' id='word_1_320' title='bbox 1222 2141 1376 2170; x_wconf 89' lang='lat' dir='ltr'>munus</span> <span class='ocrx_word' id='word_1_321' title='bbox 1393 2126 1480 2181; x_wconf 80' lang='lat' dir='ltr'>ejus</span> <span class='ocrx_word' id='word_1_322' title='bbox 1498 2141 1583 2168; x_wconf 91' lang='lat' dir='ltr'>non</span> <span class='ocrx_word' id='word_1_323' title='bbox 1603 2126 1672 2168; x_wconf 88' lang='lat' dir='ltr'>in-</span> 
     </span>
     <span class='ocr_line' id='line_1_36' title="bbox 147 2183 1673 2242; baseline -0.003 -16"><span class='ocrx_word' id='word_1_324' title='bbox 147 2186 258 2242; x_wconf 88' lang='lat' dir='ltr'>genii</span> <span class='ocrx_word' id='word_1_325' title='bbox 278 2186 433 2239; x_wconf 77' lang='lat' dir='ltr'>solum,</span> <span class='ocrx_word' id='word_1_326' title='bbox 452 2188 520 2229; x_wconf 90' lang='lat' dir='ltr'>sed</span> <span class='ocrx_word' id='word_1_327' title='bbox 541 2188 712 2230; x_wconf 78' lang='lat' dir='ltr'>laterum</span> <span class='ocrx_word' id='word_1_328' title='bbox 733 2188 856 2231; x_wconf 88' lang='lat' dir='ltr'>etiam</span> <span class='ocrx_word' id='word_1_329' title='bbox 876 2197 916 2229; x_wconf 83' lang='lat' dir='ltr'>et</span> <span class='ocrx_word' id='word_1_330' title='bbox 936 2187 1100 2230; x_wconf 89' lang='lat' dir='ltr'>virium.</span> <span class='ocrx_word' id='word_1_331' title='bbox 1161 2183 1352 2229; x_wconf 83' lang='lat' dir='ltr'>Omnino</span> <span class='ocrx_word' id='word_1_332' title='bbox 1388 2198 1586 2226; x_wconf 82' lang='lat' dir='ltr'>canorum</span> <span class='ocrx_word' id='word_1_333' title='bbox 1622 2183 1673 2224; x_wconf 74' lang='lat' dir='ltr'>il-</span> 
     </span>
     <span class='ocr_line' id='line_1_37' title="bbox 146 2241 1742 2301; baseline -0.001 -17"><span class='ocrx_word' id='word_1_334' title='bbox 146 2241 219 2284; x_wconf 84' lang='lat' dir='ltr'>lud</span> <span class='ocrx_word' id='word_1_335' title='bbox 239 2242 283 2285; x_wconf 90' lang='lat' dir='ltr'>in</span> <span class='ocrx_word' id='word_1_336' title='bbox 297 2258 396 2286; x_wconf 87' lang='lat' dir='ltr'>voce</span> <span class='ocrx_word' id='word_1_337' title='bbox 415 2245 659 2301; x_wconf 86' lang='lat' dir='ltr'>splendescit</span> <span class='ocrx_word' id='word_1_338' title='bbox 677 2247 802 2288; x_wconf 84' lang='lat' dir='ltr'>etiam</span> <span class='ocrx_word' id='word_1_339' title='bbox 821 2245 960 2287; x_wconf 85' lang='lat' dir='ltr'>nescio</span> <span class='ocrx_word' id='word_1_340' title='bbox 979 2259 1060 2301; x_wconf 87' lang='lat' dir='ltr'>quo</span> <span class='ocrx_word' id='word_1_341' title='bbox 1082 2253 1200 2300; x_wconf 80' lang='lat' dir='ltr'>pacto</span> <span class='ocrx_word' id='word_1_342' title='bbox 1231 2242 1276 2285; x_wconf 88' lang='lat' dir='ltr'>in</span> <span class='ocrx_word' id='word_1_343' title='bbox 1296 2249 1527 2283; x_wconf 86' lang='lat' dir='ltr'>senectute:</span> <span class='ocrx_word' id='word_1_344' title='bbox 1562 2242 1672 2298; x_wconf 82' lang='lat' dir='ltr'>quod</span> <span class='ocrx_word' id='word_1_345' title='bbox 1696 2248 1742 2283; x_wconf 81' lang='lat'>15</span> 
     </span>
     <span class='ocr_line' id='line_1_38' title="bbox 146 2298 1672 2357; baseline -0.001 -15"><span class='ocrx_word' id='word_1_346' title='bbox 146 2298 341 2357; x_wconf 81' lang='lat' dir='ltr'>equidem</span> <span class='ocrx_word' id='word_1_347' title='bbox 370 2300 505 2344; x_wconf 84' lang='lat' dir='ltr'>adhuc</span> <span class='ocrx_word' id='word_1_348' title='bbox 542 2318 628 2345; x_wconf 89' lang='lat' dir='ltr'>non</span> <span class='ocrx_word' id='word_1_349' title='bbox 659 2303 794 2356; x_wconf 82' lang='lat' dir='ltr'>amisi,</span> <span class='ocrx_word' id='word_1_350' title='bbox 815 2314 854 2346; x_wconf 86' lang='lat' dir='ltr'>et</span> <span class='ocrx_word' id='word_1_351' title='bbox 885 2301 1025 2344; x_wconf 86' lang='lat' dir='ltr'>videtis</span> <span class='ocrx_word' id='word_1_352' title='bbox 1056 2315 1217 2342; x_wconf 86' lang='lat' dir='ltr'>annos:</span> <span class='ocrx_word' id='word_1_353' title='bbox 1252 2299 1319 2341; x_wconf 80' lang='lat' dir='ltr'>secl</span> <span class='ocrx_word' id='word_1_354' title='bbox 1353 2307 1490 2339; x_wconf 81' lang='lat' dir='ltr'>tamen</span> <span class='ocrx_word' id='word_1_355' title='bbox 1525 2309 1584 2340; x_wconf 75' lang='lat' dir='ltr'>est</span> <span class='ocrx_word' id='word_1_356' title='bbox 1602 2298 1672 2340; x_wconf 86' lang='lat' dir='ltr'>de-</span> 
     </span>
     <span class='ocr_line' id='line_1_39' title="bbox 148 2355 1675 2416; baseline -0.001 -16"><span class='ocrx_word' id='word_1_357' title='bbox 148 2371 269 2400; x_wconf 88' lang='lat' dir='ltr'>corus</span> <span class='ocrx_word' id='word_1_358' title='bbox 303 2372 438 2400; x_wconf 88' lang='lat' dir='ltr'>sermo</span> <span class='ocrx_word' id='word_1_359' title='bbox 473 2360 580 2402; x_wconf 86' lang='lat' dir='ltr'>senis</span> <span class='ocrx_word' id='word_1_360' title='bbox 601 2360 762 2416; x_wconf 90' lang='lat' dir='ltr'>quietus</span> <span class='ocrx_word' id='word_1_361' title='bbox 782 2372 821 2404; x_wconf 89' lang='lat' dir='ltr'>et</span> <span class='ocrx_word' id='word_1_362' title='bbox 842 2359 1052 2410; x_wconf 86' lang='lat' dir='ltr'>remissus,</span> <span class='ocrx_word' id='word_1_363' title='bbox 1077 2357 1254 2414; x_wconf 80' lang='lat' dir='ltr'>facitque</span> <span class='ocrx_word' id='word_1_364' title='bbox 1275 2369 1456 2414; x_wconf 78' lang='lat' dir='ltr'>persaepe</span> <span class='ocrx_word' id='word_1_365' title='bbox 1487 2355 1574 2411; x_wconf 85' lang='lat' dir='ltr'>ipsa</span> <span class='ocrx_word' id='word_1_366' title='bbox 1594 2355 1675 2398; x_wconf 88' lang='lat' dir='ltr'>sibi</span> 
     </span>
     <span class='ocr_line' id='line_1_40' title="bbox 145 2409 1668 2474; baseline -0.003 -16"><span class='ocrx_word' id='word_1_367' title='bbox 145 2413 399 2458; x_wconf 80' lang='lat' dir='ltr'>audientiam</span> <span class='ocrx_word' id='word_1_368' title='bbox 420 2414 556 2458; x_wconf 88' lang='lat' dir='ltr'>diserti</span> <span class='ocrx_word' id='word_1_369' title='bbox 577 2417 684 2459; x_wconf 90' lang='lat' dir='ltr'>senis</span> <span class='ocrx_word' id='word_1_370' title='bbox 705 2429 871 2474; x_wconf 80' lang='lat' dir='ltr'>compta</span> <span class='ocrx_word' id='word_1_371' title='bbox 892 2427 930 2458; x_wconf 87' lang='lat' dir='ltr'>et</span> <span class='ocrx_word' id='word_1_372' title='bbox 967 2416 1079 2458; x_wconf 87' lang='lat' dir='ltr'>mitis</span> <span class='ocrx_word' id='word_1_373' title='bbox 1113 2415 1267 2458; x_wconf 85' lang='lat' dir='ltr'>oratio:</span> <span class='ocrx_word' id='word_1_374' title='bbox 1303 2413 1413 2470; x_wconf 88' lang='lat' dir='ltr'>quod</span> <span class='ocrx_word' id='word_1_375' title='bbox 1433 2409 1467 2453; x_wconf 84' lang='lat' dir='ltr'>si</span> <span class='ocrx_word' id='word_1_376' title='bbox 1489 2412 1572 2469; x_wconf 88' lang='lat' dir='ltr'>ipse</span> <span class='ocrx_word' id='word_1_377' title='bbox 1594 2427 1668 2454; x_wconf 86' lang='lat' dir='ltr'>ex-</span> 
     </span>
     <span class='ocr_line' id='line_1_41' title="bbox 143 2469 1668 2531; baseline -0.001 -18"><span class='ocrx_word' id='word_1_378' title='bbox 143 2470 241 2530; x_wconf 87' lang='lat' dir='ltr'>equi</span> <span class='ocrx_word' id='word_1_379' title='bbox 262 2487 453 2530; x_wconf 87' lang='lat' dir='ltr'>nequeas,</span> <span class='ocrx_word' id='word_1_380' title='bbox 477 2473 606 2529; x_wconf 82' lang='lat' dir='ltr'>possis</span> <span class='ocrx_word' id='word_1_381' title='bbox 632 2487 769 2517; x_wconf 88' lang='lat' dir='ltr'>tamen</span> <span class='ocrx_word' id='word_1_382' title='bbox 800 2473 987 2531; x_wconf 88' lang='lat' dir='ltr'>Scipioni</span> <span class='ocrx_word' id='word_1_383' title='bbox 1015 2472 1235 2530; x_wconf 82' lang='lat' dir='ltr'>praecipere</span> <span class='ocrx_word' id='word_1_384' title='bbox 1259 2472 1308 2512; x_wconf 82' lang='lat' dir='ltr'>&#39;et</span> <span class='ocrx_word' id='word_1_385' title='bbox 1343 2469 1491 2512; x_wconf 81' lang='lat' dir='ltr'>Laelio.</span> <span class='ocrx_word' id='word_1_386' title='bbox 1551 2469 1668 2513; x_wconf 79' lang='lat' dir='ltr'>Quid</span> 
     </span>
     <span class='ocr_line' id='line_1_42' title="bbox 143 2527 1741 2588; baseline -0.001 -17"><span class='ocrx_word' id='word_1_387' title='bbox 143 2528 259 2571; x_wconf 88' lang='lat' dir='ltr'>enim</span> <span class='ocrx_word' id='word_1_388' title='bbox 278 2540 337 2572; x_wconf 86' lang='lat' dir='ltr'>est</span> <span class='ocrx_word' id='word_1_389' title='bbox 349 2530 576 2588; x_wconf 89' lang='lat' dir='ltr'>jucundius</span> <span class='ocrx_word' id='word_1_390' title='bbox 597 2543 803 2576; x_wconf 86' lang='lat' dir='ltr'>senectute</span> <span class='ocrx_word' id='word_1_391' title='bbox 826 2533 975 2588; x_wconf 68' lang='lat' dir='ltr'>stipata</span> <span class='ocrx_word' id='word_1_392' title='bbox 993 2530 1137 2572; x_wconf 84' lang='lat' dir='ltr'>studiis</span> <span class='ocrx_word' id='word_1_393' title='bbox 1155 2527 1387 2588; x_wconf 82' lang='lat' dir='ltr'>juventutis</span> <span class='ocrx_word' id='word_1_394' title='bbox 1406 2528 1419 2569; x_wconf 90' lang='lat'>?</span> <span class='ocrx_word' id='word_1_395' title='bbox 1453 2528 1580 2568; x_wconf 83' lang='lat' dir='ltr'>Anne</span> <span class='ocrx_word' id='word_1_396' title='bbox 1599 2541 1670 2569; x_wconf 88' lang='lat' dir='ltr'>eas</span> <span class='ocrx_word' id='word_1_397' title='bbox 1685 2534 1741 2569; x_wconf 79' lang='lat'>20</span> 
     </span>
     <span class='ocr_line' id='line_1_43' title="bbox 144 2583 1665 2646; baseline -0.001 -19"><span class='ocrx_word' id='word_1_398' title='bbox 144 2586 314 2643; x_wconf 86' lang='lat' dir='ltr'>quidem</span> <span class='ocrx_word' id='word_1_399' title='bbox 350 2587 453 2630; x_wconf 88' lang='lat' dir='ltr'>vires</span> <span class='ocrx_word' id='word_1_400' title='bbox 502 2589 698 2630; x_wconf 88' lang='lat' dir='ltr'>senectuti</span> <span class='ocrx_word' id='word_1_401' title='bbox 744 2590 1038 2646; x_wconf 78' lang='lat' dir='ltr'>relinquemuS,</span> <span class='ocrx_word' id='word_1_402' title='bbox 1072 2597 1117 2630; x_wconf 90' lang='lat' dir='ltr'>ut</span> <span class='ocrx_word' id='word_1_403' title='bbox 1147 2584 1470 2629; x_wconf 83' lang='lat' dir='ltr'>adolescentulos</span> <span class='ocrx_word' id='word_1_404' title='bbox 1504 2583 1665 2637; x_wconf 81' lang='lat' dir='ltr'>doceat,</span> 
     </span>
     <span class='ocr_line' id='line_1_44' title="bbox 141 2641 1669 2700; baseline -0.003 -14"><span class='ocrx_word' id='word_1_405' title='bbox 141 2643 344 2696; x_wconf 85' lang='lat' dir='ltr'>instituat,</span> <span class='ocrx_word' id='word_1_406' title='bbox 380 2645 428 2686; x_wconf 90' lang='lat' dir='ltr'>ad</span> <span class='ocrx_word' id='word_1_407' title='bbox 466 2660 591 2687; x_wconf 85' lang='lat' dir='ltr'>omne</span> <span class='ocrx_word' id='word_1_408' title='bbox 628 2646 752 2691; x_wconf 87' lang='lat' dir='ltr'>officii</span> <span class='ocrx_word' id='word_1_409' title='bbox 785 2660 940 2689; x_wconf 87' lang='lat' dir='ltr'>munus</span> <span class='ocrx_word' id='word_1_410' title='bbox 977 2645 1181 2687; x_wconf 86' lang='lat' dir='ltr'>instruat?</span> <span class='ocrx_word' id='word_1_411' title='bbox 1228 2657 1314 2700; x_wconf 90' lang='lat' dir='ltr'>quo</span> <span class='ocrx_word' id='word_1_412' title='bbox 1345 2641 1511 2698; x_wconf 91' lang='lat' dir='ltr'>quidem</span> <span class='ocrx_word' id='word_1_413' title='bbox 1544 2655 1669 2697; x_wconf 80' lang='lat' dir='ltr'>opere</span> 
     </span>
     <span class='ocr_line' id='line_1_45' title="bbox 144 2697 1666 2758; baseline -0.001 -16"><span class='ocrx_word' id='word_1_414' title='bbox 144 2701 242 2758; x_wconf 88' lang='lat' dir='ltr'>quid</span> <span class='ocrx_word' id='word_1_415' title='bbox 275 2710 406 2754; x_wconf 86' lang='lat' dir='ltr'>potest</span> <span class='ocrx_word' id='word_1_416' title='bbox 441 2717 526 2744; x_wconf 88' lang='lat' dir='ltr'>esse</span> <span class='ocrx_word' id='word_1_417' title='bbox 557 2703 823 2758; x_wconf 54' lang='lat' dir='ltr'>praeclarius?</span> <span class='ocrx_word' id='word_1_418' title='bbox 855 2701 972 2745; x_wconf 85' lang='lat' dir='ltr'>Mihi</span> <span class='ocrx_word' id='word_1_419' title='bbox 1005 2705 1099 2744; x_wconf 77' lang='lat' dir='ltr'>vcro</span> <span class='ocrx_word' id='word_1_420' title='bbox 1135 2701 1220 2745; x_wconf 88' lang='lat' dir='ltr'>Cn.</span> <span class='ocrx_word' id='word_1_421' title='bbox 1242 2709 1282 2741; x_wconf 89' lang='lat' dir='ltr'>et</span> <span class='ocrx_word' id='word_1_422' title='bbox 1305 2699 1347 2740; x_wconf 90' lang='lat' dir='ltr'>P.</span> <span class='ocrx_word' id='word_1_423' title='bbox 1371 2697 1666 2754; x_wconf 81' lang='lat' dir='ltr'>Scipiones‚&#39;et</span> 
     </span>
     <span class='ocr_line' id='line_1_46' title="bbox 142 2754 1661 2818; baseline -0.001 -19"><span class='ocrx_word' id='word_1_424' title='bbox 142 2757 207 2800; x_wconf 83' lang='lat' dir='ltr'>avi</span> <span class='ocrx_word' id='word_1_425' title='bbox 230 2757 287 2800; x_wconf 89' lang='lat' dir='ltr'>tui</span> <span class='ocrx_word' id='word_1_426' title='bbox 306 2758 406 2811; x_wconf 91' lang='lat' dir='ltr'>duo,</span> <span class='ocrx_word' id='word_1_427' title='bbox 427 2760 478 2801; x_wconf 91' lang='lat' dir='ltr'>L.</span> <span class='ocrx_word' id='word_1_428' title='bbox 498 2759 698 2804; x_wconf 85' lang='lat' dir='ltr'>AEmilius</span> <span class='ocrx_word' id='word_1_429' title='bbox 716 2772 756 2805; x_wconf 88' lang='lat' dir='ltr'>et</span> <span class='ocrx_word' id='word_1_430' title='bbox 774 2763 818 2805; x_wconf 90' lang='lat' dir='ltr'>P.</span> <span class='ocrx_word' id='word_1_431' title='bbox 839 2758 1080 2811; x_wconf 81' lang='lat' dir='ltr'>Africanus,</span> <span class='ocrx_word' id='word_1_432' title='bbox 1103 2757 1301 2802; x_wconf 85' lang='lat' dir='ltr'>comitatu</span> <span class='ocrx_word' id='word_1_433' title='bbox 1322 2754 1526 2797; x_wconf 89' lang='lat' dir='ltr'>nobilium</span> <span class='ocrx_word' id='word_1_434' title='bbox 1538 2754 1661 2818; x_wconf 80' lang='lat' dir='ltr'>juve-</span> 
     </span>
    </p>
   </div>
   <div class='ocr_carea' id='block_1_3' title="bbox 138 2812 1732 2915">
    <p class='ocr_par' dir='ltr' id='par_1_6' title="bbox 138 2812 1732 2915">
     <span class='ocr_line' id='line_1_47' title="bbox 138 2812 1732 2912; baseline -0.006 -50"><span class='ocrx_word' id='word_1_435' title='bbox 138 2827 247 2862; x_wconf 79' lang='lat' dir='ltr'>num</span> <span class='ocrx_word' id='word_1_436' title='bbox 264 2815 461 2861; x_wconf 82' lang='lat' dir='ltr'>fortunati</span> <span class='ocrx_word' id='word_1_437' title='bbox 481 2817 724 2863; x_wconf 84' lang='lat' dir='ltr'>videbantur</span> <span class='ocrx_word' id='word_1_438' title='bbox 742 2834 751 2865; x_wconf 74' lang='lat' dir='ltr'><strong><em>z</em></strong></span> <span class='ocrx_word' id='word_1_439' title='bbox 781 2833 860 2864; x_wconf 88' lang='lat' dir='ltr'>nec</span> <span class='ocrx_word' id='word_1_440' title='bbox 889 2815 960 2858; x_wconf 86' lang='lat' dir='ltr'>ulli</span> <span class='ocrx_word' id='word_1_441' title='bbox 980 2816 1182 2860; x_wconf 87' lang='lat' dir='ltr'>bonarum</span> <span class='ocrx_word' id='word_1_442' title='bbox 1203 2812 1353 2858; x_wconf 84' lang='lat' dir='ltr'>artium</span> <span class='ocrx_word' id='word_1_443' title='bbox 1371 2812 1662 2912; x_wconf 69' lang='lat' dir='ltr'>magistribnon</span> <span class='ocrx_word' id='word_1_444' title='bbox 1681 2820 1732 2854; x_wconf 74' lang='lat'>‘25</span> 
     </span>
     <span class='ocr_line' id='line_1_48' title="bbox 885 2879 1664 2915; baseline -0.004 0"><span class='ocrx_word' id='word_1_445' title='bbox 885 2881 910 2914; x_wconf 74' lang='grc'>9,</span> <span class='ocrx_word' id='word_1_446' title='bbox 932 2885 963 2915; x_wconf 73' lang='grc' dir='ltr'><strong>Ν</strong></span> <span class='ocrx_word' id='word_1_447' title='bbox 1586 2879 1664 2912; x_wconf 78' lang='lat' dir='ltr'>eati</span> 
     </span>
    </p>
   </div>
   <div class='ocr_carea' id='block_1_4' title="bbox 1472 2952 1520 3005">
    <p class='ocr_par' dir='ltr' id='par_1_7' title="bbox 1472 2952 1520 3005">
     <span class='ocr_line' id='line_1_49' title="bbox 1472 2952 1520 3005; baseline 0 -3"><span class='ocrx_word' id='word_1_448' title='bbox 1472 2952 1520 3005; x_wconf 54' lang='lat' dir='ltr'>a}</span> 
     </span>
    </p>
   </div>
  </div>
 </body>
</html>
