1872 3135
487 114 714 188 QRATIO
747 116 857 160 PRO
890 116 1046 159 LEGE
1075 114 1365 158 MANILIA.

137 231 286 276 inferre
305 230 566 283 simulassem
599 244 729 287 usque
764 228 809 272 in
844 229 1094 286 Hispaniam
1128 228 1282 286 legatos
1302 227 1525 270 Ecbatanis
1545 229 1661 272 misit

137 291 186 333 ad
207 305 276 332 eos
296 289 434 341 duces,
458 287 706 345 quibuscum
735 298 823 330 tum
854 287 1006 330 bellum
1040 286 1311 344 gerebamus:
1342 299 1402 338 ut,
1432 289 1531 328 cum
1558 288 1659 329 duo-
1680 303 1731 336 25

139 347 214 389 bus
237 346 280 388 in
310 345 412 387 locis
444 344 796 402 disjunctissimis,
827 344 1093 401 maximeque
1113 343 1297 396 diversis,
1319 359 1403 384 uno
1425 344 1613 396 consilio,
1636 346 1661 387 {t

137 403 248 446 binis
267 404 450 446 hostium
474 402 602 460 copiis
625 402 777 444 bellum
809 403 914 444 terra
935 403 1120 458 marique
1147 412 1363 459 gereretur,
1389 417 1458 443 vos
1488 403 1659 458 ancipiti

138 461 404 504 contentione
424 459 621 511 distracti,
651 460 699 501 de
716 463 733 487 ¹<
755 459 927 516 imperio
948 459 1210 501 dimicarctis.

1283 460 1361 501 Sed
1399 468 1536 501 tamen
1557 461 1659 502 alte-

138 517 222 560 rius
242 518 366 575 partis
385 517 631 575 periculum,
654 518 899 559 Sertorianae
924 526 1044 573 atque
1078 515 1379 570 Hispaniensis,
1409 532 1504 574 quae
1526 518 1661 560 multt‘)

137 575 230 632 plus
259 575 506 618 firmamenti
546 591 592 617 ac
627 575 780 616 roboris
812 574 1003 625 habebat,
1042 573 1124 615 Cn.
1154 573 1338 628 Pompeii
1359 574 1499 616 divino
1520 575 1656 618 consi·
1678 589 1731 623 30

137 633 212 686 lio,
233 649 280 677 ac
307 632 501 691 singulari
532 631 681 674 virtute
710 631 928 687 depulsum
964 639 1053 681 est;
1086 629 1127 670 in
1158 630 1283 672 altera
1313 643 1425 686 parte
1454 633 1510 674 ita
1541 648 1602 675 res
1634 636 1661 676 a

138 690 190 734 L.
213 691 392 733 Lucullo
414 704 581 733 summo
601 688 686 730 viro
711 699 773 730 est
799 686 1096 738 administrata,
1130 697 1176 728 ut
1209 686 1327 729 initia
1353 687 1421 730 illa
1451 700 1659 746 gestarum

140 763 276 790 rerum
316 763 468 805 magna
497 757 620 803 atque
653 745 863 801 praeclara,
898 760 982 786 non
1029 743 1211 786 felicitati
1253 745 1354 799 ejus,
1398 749 1463 787 sed
1498 747 1656 792 virtuti:

140 807 233 848 haec
252 815 388 848 autem
410 814 604 855 extrema,
627 819 720 861 quae
750 817 881 859 nuper
915 801 1166 854 acciderunt,
1196 817 1281 844 non
1313 803 1461 859 culpoe,
1485 805 1551 846 sed
1575 805 1658 847 for-

141 872 253 906 tunae
290 862 505 904 tribuenda
531 876 617 902 esse
649 860 878 902 videantur.

940 861 1020 902 Sed
1051 859 1100 901 de
1132 859 1307 901 Lucullo
1340 861 1476 902 dicam
1497 862 1576 903 alio
1597 863 1659 904 lo·
1681 876 1730 910 35

141 936 207 974 co,
238 929 278 962 et
312 919 367 962 ita
394 919 546 971 dicam,
577 917 789 962 Quirites!
825 928 870 959 ut
907 932 1038 975 neque
1072 931 1163 959 vera
1193 917 1280 959 laus
1311 916 1346 958 ei
1375 919 1553 961 detracta
1568 936 1660 963 ora-

140 978 251 1022 tione
282 980 435 1029 nostra,
480 992 613 1034 neque
645 975 744 1018 falsa
777 976 912 1018 afficta
953 990 1038 1017 esse
1063 974 1259 1017 videatur.

1321 975 1399 1016 Sed
1436 991 1508 1030 pro
1541 978 1664 1020 vestri

137 1033 300 1091 imperii
332 1034 545 1093 dignitate,
580 1043 701 1091 atque
734 1034 881 1090 gloria,
915 1032 1112 1090 quoniam
1145 1033 1154 1057 ¹
1185 1032 1218 1073 is
1250 1041 1311 1074 est
1336 1048 1503 1075 exorsus
1535 1037 1662 1078 orati-

139 1093 232 1135 onis
252 1107 374 1143 τηρεε,
396 1092 526 1147 videte
546 1107 666 1149 quern
689 1090 802 1133 vobis
824 1091 1010 1132 animum
1033 1089 1341 1146 suscipiendum
1364 1091 1531 1146 putetis.
1565 1094 1663 1136 Ma-

134 1150 247 1208 jores
265 1149 385 1193 vestri
406 1165 514 1207 saepe
539 1148 849 1200 mercatoribus,
869 1164 915 1190 ac
930 1147 1278 1190 naviculatoribus
1297 1147 1536 1205 injuriosius
1552 1156 1660 1193 trac‘-
1679 1163 1734 1197 40

140 1207 250 1260 tatis,
272 1207 378 1250 bella
406 1217 642 1265 gesseruut:
675 1221 747 1248 vos
782 1217 842 1248 tot
876 1205 1030 1248 civium
1062 1207 1185 1249 Rom.
1203 1204 1404 1257 millibus,
1440 1222 1525 1248 uno
1555 1224 1665 1251 nun-

141 1266 224 1318 cio,
254 1274 376 1323 atque
405 1281 490 1307 uno
528 1275 711 1320 tempore
740 1263 911 1315 necatis,
948 1279 1032 1321 quo
1063 1263 1228 1305 tandem
1264 1263 1406 1305 animo
1433 1279 1518 1307 esse
1538 1265 1662 1309 debe-

142 1323 225 1366 tis?
262 1323 403 1381 Legati
425 1323 534 1382 quod
556 1331 668 1365 erant
686 1322 873 1379 appellati
896 1321 1128 1378 superbiuS,
1143 1320 1399 1364 Corinthum
1420 1333 1551 1379 patres
1572 1339 1664 1366 ves-

194 1460 213 1485 l‘
230 1463 394 1500 veniretis
407 1464 445 1501 in
462 1463 651 1501 discrimen
670 1461 855 1500 amittendi
875 1462 1028 1512 imperii.

142 1517 255 1552 tionis
268 1524 361 1553 meae.

144 1602 200 1645 qui
216 1601 420 1645 Bosphorum
444 1601 625 1634 Thracium
651 1600 807 1638 incolunt,
835 1599 886 1632 cui

144 1640 184 1679 asi
201 1649 326 1678 Occasu
340 1648 463 1678 Pontus
473 1646 632 1677 finitimus
654 1653 710 1677 est.
756 1646 817 1676 His
831 1656 887 1676 au-

144 1699 211 1723 tem
227 1689 301 1722 cslm
328 1690 414 1732 Sylla
430 1691 464 1721 inv
480 1690 609 1721 Italiam
629 1700 775 1721 reversus
796 1697 888 1726 esset,

143 1734 266 1767 bellum
278 1734 388 1767 intulit
408 1734 632 1771 Mithridates,
648 1733 764 1775 quibus
780 1733 886 1764 devie<

142 1779 186 1813 tis
202 1778 395 1811 Macharem
407 1778 511 1810 filium
528 1789 621 1811 suum
638 1780 763 1821 Regem
784 1777 882 1809 dedit.

188 1825 243 1855 24.
266 1823 425 1866 Legatos]
448 1825 490 1854 L.
511 1823 677 1865 Magium,
695 1830 728 1854 et
743 1823 783 1853 L.
803 1824 884 1853 Fan-

144 1867 236 1901 nium
262 1867 395 1906 indicat,
417 1868 473 1910 qui
489 1873 507 1900 a
523 1868 630 1899 Mario
647 1867 686 1898 ad
703 1865 885 1898 Mithrida-

144 1923 219 1945 nem
235 1911 458 1955 confugerant,
474 1921 508 1944 ut
530 1911 563 1943 in
580 1911 674 1944 tertia
687 1910 825 1942 Verrina
840 1911 886 1943 ait

145 1958 276 1991 Cicero.

189 2001 238 2034 lb.
257 1999 454 2043 Ecbatanis]
491 1998 655 2031 Ecbatana
680 2007 775 2041 caput
795 2008 886 2031 erant

145 2046 282 2084 Mediae,
300 2056 371 2086 quae
397 2044 474 2076 urbs
490 2055 528 2076 ex
544 2044 663 2083 Plinio,
683 2044 739 2076 lib.
753 2046 784 2074 6.
796 2042 813 2074 ὲ
831 2046 886 2076 Se-

144 2089 235 2123 leuco
247 2090 377 2122 condita
395 2095 451 2120 est.

188 2136 240 2166 25.
267 2135 318 2165 Ad
330 2145 378 2164 eos
391 2132 504 2176 duces]
529 2132 708 2164 Sertorium
725 2131 884 2174 designat,

142 2185 176 2212 et
185 2178 265 2210 alios
279 2177 385 2216 duces,
400 2188 480 2220 quos
495 2178 732 2221 Senatumipse
749 2177 886 2210 Sertori·

144 2234 184 2257 us
198 2222 391 2265 appellabat.

189 2268 242 2298 26.
258 2267 297 2298 1η
309 2267 379 2297 locis
390 2266 652 2309 disiunctissimis]
677 2267 712 2296 In
722 2265 801 2296 Asi-³2
814 2276 887 2296 cum

99 2329 105 2331 -
143 2311 358 2348 Mithridate,
387 2310 419 2341 in
447 2311 606 2353 Hispania
636 2320 710 2342 cum
745 2310 888 2341 Sertorio

145 2354 268 2388 bellum
285 2355 429 2397 gerebat.

190 2400 239 2432 1b.
258 2399 326 2431 Uno
337 2397 486 2440 consilia]
522 2398 666 2430 Consilio
684 2396 890 2428 Mithridatis

146 2451 180 2476 et
202 2444 350 2481 Sertorii,
382 2443 439 2486 qui
461 2442 547 2473 inter
569 2454 601 2474 se
623 2442 725 2474 foedus
741 2441 893 2479 inierant,

146 2487 229 2520 adet>
242 2496 277 2519 ut
289 2487 382 2519 facile
395 2486 455 2519 sibi
465 2486 803 2528 persuaderent‚quod
814 2497 890 2517 con-

145 2531 269 2576 juratos
283 2532 379 2564 simul
392 2539 424 2563 et
439 2532 599 2563 irruentes
611 2530 806 2574 Respublica
826 2540 891 2562 non

147 2577 328 2609 sustineret.

193 2621 246 2650 28.
264 2618 485 2662 Dimicaretis.]
509 2618 649 2651 Romani
665 2617 698 2650 in
718 2617 890 2650 discrimen

147 2664 249 2696 totius
265 2664 391 2707 imperii
407 2663 590 2699 veniebant,
612 2663 821 2696 deliberando
838 2663 890 2694 vel

149 2708 189 2740 de
212 2707 357 2745 ducibus,
374 2719 454 2749 quos
476 2707 626 2740 adversus
646 2717 753 2740 tantos
784 2707 892 2739 hostes·

146 2752 325 2784 mittendos
333 2753 528 2794 judicarent,
538 2753 590 2784 vel
602 2754 756 2796 ancipites
765 2752 890 2783 haeren-

148 2797 203 2835 do,
224 2806 265 2830 an
281 2796 495 2830 Mithridates
511 2797 563 2829 vel
576 2799 734 2830 Sertorius
750 2797 890 2839 impera-

148 2848 212 2873 ret·

1598 1383 1666 1436 tri,

1186 1458 1196 1484 ¹
1210 1463 1290 1507 fi’cz'
1307 1462 1388 1500 inde
1417 1463 1559 1501 initium
1581 1478 1670 1503 ora-

974 1601 1026 1630 29.
1045 1600 1226 1631 Sertorianae
1236 1599 1350 1643 atque.]
1371 1600 1531 1633 Sertorius
1541 1604 1669 1637 Maria-

930 1655 986 1675 nas
1002 1653 1108 1687 partes
1123 1653 1286 1687 sequutus,
1301 1643 1375 1677 cum
1388 1646 1505 1684 Cinna,
1518 1649 1604 1689 Sylla
1618 1661 1670 1681 re-

931 1689 1061 1726 deunte,
1082 1688 1210 1731 fugerat
1242 1689 1278 1720 in
1299 1689 1501 1733 Hispaniam,
1524 1693 1580 1724 ubi
1597 1692 1672 1725 cum

931 1733 1090 1774 Hispanos
1113 1733 1172 1764 sibi
1196 1733 1400 1771 devinxisset,
1425 1734 1543 1767 multas
1567 1737 1672 1770 clades

930 1776 1121 1809 exercitibus
1137 1777 1294 1809 Romanis
1313 1777 1443 1817 intulit3
1466 1779 1521 1811 sed
1546 1783 1562 1811 a
1584 1782 1672 1824 Sylla

929 1821 1136 1863 proscriptus,
1149 1820 1166 1852 ὲ
1182 1823 1234 1852 Μ.
1248 1823 1396 1854 Antonio
1411 1830 1443 1854 et
1459 1823 1512 1853 M.
1531 1827 1672 1869 Perpen-

929 1870 980 1903 na,
995 1865 1128 1908 aliisque
1146 1867 1320 1908 conjuratis
1335 1867 1495 1909 proditus,
1509 1869 1540 1899 in
1563 1871 1674 1902 convi-

929 1910 984 1941 vio
1002 1909 1189 1942 interfectus
1205 1919 1251 1942 est
1278 1922 1362 1943 anno
1389 1910 1478 1944 urbis
1504 1913 1579 1945 681.
1624 1917 1674 1947 Ita

931 1954 1054 1992 Florus,
1073 1954 1276 1993 Plutarchus,
1293 1963 1324 1986 et
1336 1955 1519 1998 Appianus.

973 2000 1026 2029 32.
1052 1999 1175 2042 Initia.]
1197 1999 1354 2032 Lucullus
1370 2000 1492 2032 Consul
1519 2011 1592 2035 cum
1609 2003 1676 2036 Mi-

932 2043 1072 2075 thridate
1094 2054 1281 2086 congressus
1305 2055 1400 2087 supra
1416 2045 1580 2087 sexaginta
1600 2047 1677 2079 hos-

932 2088 1014 2120 tium
1031 2087 1133 2118 millia
1148 2088 1320 2127 interfecit,
1332 2100 1367 2120 ac
1385 2091 1511 2131 Regem
1525 2103 1624 2135 usque
1641 2092 1675 2124 in

932 2132 1126 2163 Armeniam
1141 2132 1279 2175 fugavit.

976 2178 1028 2207 34.
1054 2177 1228 2220 Extrema]
1253 2176 1338 2211 Cum
1360 2179 1513 2212 Lucullus
1542 2180 1676 2224 reliquit

934 2220 1180 2258 Mithridatem,
1190 2232 1248 2254 nec
1263 2223 1443 2266 fugientem
1457 2236 1530 2257 eum
1547 2226 1676 2268 insequ-

933 2273 1008 2297 utus
1023 2273 1081 2301 est,
1107 2265 1361 2300 detractantibus
1387 2270 1476 2301 ducis
1502 2271 1676 2312 imperium

933 2309 1104 2347 militibus,
1122 2311 1210 2352 quod
1232 2322 1290 2344 nec
1311 2313 1404 2356 culpa
1421 2317 1485 2351 sut,
1505 2315 1559 2345 sed
1570 2314 1676 2346 sortu-

933 2365 982 2385 nae
1000 2365 1072 2385 casu
1091 2356 1218 2392 accidit,
1241 2367 1313 2398 quae
1329 2358 1383 2389 vel
1406 2358 1676 2400 praestantissimis

935 2399 1071 2430 ducibus
1086 2408 1150 2431 non
1167 2411 1291 2443 semper
1301 2401 1393 2432 favit.

978 2444 1031 2473 40.
1071 2443 1365 2489 Naviculatoribus.]
1433 2447 1674 2482 Naviculatoret

936 2495 1009 2519 sunt
1020 2487 1074 2530 qui
1087 2498 1144 2528 per
1159 2500 1247 2520 mare
1262 2501 1384 2521 merces
1397 2492 1622 2524 transvehunt.

979 2533 1032 2562 43.
1049 2533 1202 2576 Appellati
1211 2534 1390 2576 superbiam]
1409 2536 1586 2568 Corinthus
1601 2537 1673 2570 urbs

935 2576 1072 2607 Achaiae
1089 2578 1129 2609 ad
1145 2577 1302 2609 Isthmum
1325 2579 1384 2609 sita
1399 2588 1456 2617 est,
1478 2581 1674 2624 Pelopenne·

935 2631 1006 2652 sum
1032 2621 1117 2653 inter
1143 2629 1174 2653 et
1203 2623 1374 2659 Graeciam,
1397 2623 1461 2655 illis
1477 2626 1676 2668 temporibts

934 2664 1093 2698 ditissima
1118 2675 1150 2698 et
1173 2667 1408 2708 potentissima,
1423 2679 1494 2710 quae
1509 2670 1526 2700 ἐι
1537 2671 1675 2712 Leptine

936 2709 1016 2740 alter
1034 2710 1170 2741 Graeciae
1198 2711 1321 2748 oculus,
1347 2721 1379 2744 et
1402 2712 1544 2745 Athenae
1568 2715 1676 2747 alterae

934 2753 1096 2796 appellata
1111 2762 1178 2792 est3
1201 2754 1270 2785 haec
1288 2765 1371 2788 anno
1387 2757 1427 2788 ab
1446 2758 1524 2789 urbe
1547 2760 1677 2791 condita.

935 2798 1008 2828 607.
1033 2806 1104 2839 post
1130 2797 1252 2829 bellurn
1283 2800 1441 2832 Punicum
1466 2802 1615 2841 tertium,
1644 2811 1678 2835 et

933 2849 1008 2876 ante
1036 2842 1157 2874 bellum
1186 2843 1437 2879 Numantinum.
1463 2845 1480 2876 ὲ
1506 2847 1678 2885 Romanis,

1597 2891 1678 2926 dut-e

1679 125 1732 158 33
