1872 3140
105 186 187 224 536
560 182 627 223 Μ.
659 179 865 223 TULLII
901 178 1225 222 CICERONIS

168 304 261 337 test.
322 297 434 343 Quae
455 294 564 350 enim
598 290 746 335 domus
777 293 863 335 tam
894 292 1064 346 stabilis,
1087 309 1179 350 quae
1199 303 1283 336 tam
1305 294 1424 335 firma
1444 296 1584 338 civitas
1605 306 1680 348 est,

167 368 259 410 quae
291 368 373 394 non
397 352 500 393 odiis
524 361 642 407 atque
663 351 837 392 dissidiis
854 350 1041 391 funditus
1058 351 1186 407 possit
1202 349 1323 392 everti
1341 352 1355 392 ?
1389 367 1438 392 ex
1453 368 1534 408 quo
1550 356 1682 409 quanss

105 418 156 452 15
172 420 261 452 tum
281 410 379 451 boni
401 408 451 450 sit
471 408 512 449 in
534 408 714 449 amicitia
737 407 912 465 judicari
945 418 1089 463 potest.
1150 407 1471 464 Agrigentinum
1499 410 1682 466 quidem,

169 468 337 509 doctum
358 466 564 523 quendam
584 466 733 517 virum,
755 465 1007 506 carminibus
1043 465 1206 522 Graecis
1236 465 1501 507 vaticinatum
1533 467 1683 520 ferunt,

169 540 262 581 quae
293 523 337 564 in
372 538 505 564 rerum
523 526 688 564 ,natura
707 532 874 579 totoque
897 522 1054 563 mundo
1076 531 1322 572 constarent,
1346 538 1521 579 quaeque
1540 539 1680 566 move-

168 593 321 632 rentur,
341 596 386 622 ea
405 581 642 622 contrahere
658 579 900 632 amicitiam,
928 579 1119 635 dissipare
1151 579 1423 632 discordiam3
1455 589 1574 636 atque
1603 582 1684 623 hoc

169 639 335 696 quidem
370 653 514 679 omues
544 637 735 679 mortales
765 649 804 679 et
832 636 1068 693 intelligunt
1087 646 1127 678 et
1148 652 1190 678 re
1220 637 1409 691 probant.
1468 637 1686 694 Itaque‚·si

102 707 157 740 20
170 696 333 752 quando
355 695 518 752 aliquod
538 695 722 736 officium
750 693 882 736 extitit
913 694 1033 736 amici
1067 693 1110 735 in
1138 694 1339 750 ,periculis
1372 702 1441 736 aut
1471 694 1683 749 adeundis,

167 765 237 795 aut
257 752 629 805 communicandis,
653 753 744 809 quis
772 760 845 803 est,
879 751 949 808 qui
985 752 1023 793 id
1058 766 1143 793 non
1173 751 1367 793 maximis
1397 751 1684 795 efferatlaudi-

167 811 275 852 bus?
311 811 382 867 qui
411 809 608 852 clamores
643 811 731 851 tota
761 812 882 851 cavea
919 823 1049 864 nuper
1079 808 1122 850 in
1156 808 1344 865 hospitiis
1373 818 1413 850 et
1442 809 1565 851 amici
1584 811 1684 864 mei,

166 869 230 910 M.
263 867 441 919 Pacuvii,
479 870 586 909 nova
616 865 771 919 fabula,
806 868 921 918 cum,
942 865 1156 923 ignorante
1184 881 1290 923 rege,
1311 875 1400 907 uter
1419 881 1559 908 eorum
1581 878 1686 910 esset

168 926 346 980 Orestes,
370 922 538 989 Pylfades
573 925 761 967 Orestem
793 939 834 965 se
867 939 952 964 esse
972 922 1137 975 diceret,
1159 935 1205 966 ut
1235 939 1307 979 pro
1346 923 1416 965 illo
1446 935 1682 977 necaretur3

100 993 152 1026 25
168 983 332 1025 Orestes
352 992 504 1034 autem,
528 981 583 1023 ita
616 993 662 1023 ut
692 991 789 1032 erat,
820 981 1009 1024 Orestem
1039 996 1079 1021 se
1101 996 1186 1022 esse
1205 983 1500 1036 perseveraret?
1535 991 1685 1024 stantes

166 1039 411 1096 plaudebant
443 1040 486 1080 in
518 1054 558 1080 re
589 1039 712 1081 ficta:
747 1038 845 1096 quid
877 1038 1121 1080 arbitramur
1150 1040 1192 1080 in
1214 1038 1308 1080 vera
1328 1038 1450 1079 fuisse
1470 1038 1680 1081 facturos?

165 1098 293 1139 facila
307 1096 512 1140 indicabat
532 1096 619 1152 ipsa
639 1105 782 1138 natura
799 1096 884 1137 vim
902 1111 1017 1137 suam
1036 1112 1048 1147 3
1082 1097 1182 1137 cum
1200 1096 1404 1148 homines,
1422 1096 1532 1153 quod
1553 1095 1685 1139 facere

165 1155 244 1210 ipsi
272 1170 358 1196 non
391 1165 573 1211 possent,
597 1154 636 1194 id
673 1156 780 1195 recte
812 1153 898 1194 fieri
927 1153 970 1194 in
999 1153 1122 1194 altero
1145 1153 1394 1210 judicarent.
1432 1173 1435 1177 ·
1464 1154 1685 1196 Hactenus

164 1212 270 1254 mihi
298 1212 520 1264 videor,-de
549 1211 733 1252 amicitia
769 1209 866 1266 quid
903 1209 1110 1262 sentirem,
1143 1209 1322 1266 potuisse
1356 1210 1516 1252 dicere:
1566 1211 1685 1268 siqua

98 1280 153 1317 30
166 1273 360 1326 praeterea
390 1279 499 1321 sunt,
523 1268 643 1310 credo
664 1278 800 1309 autem
823 1282 907 1309 esse
927 1267 1073 1319 multa,
1091 1268 1141 1309 ab
1162 1267 1228 1319 iis,
1251 1267 1284 1308 si
1304 1267 1519 1319 videbitur,
1541 1267 1610 1325 qui
1627 1269 1685 1311 ita

163 1327 387 1383 disputant,
407 1327 630 1384 quaeritote.
679 1326 829 1367 'Fama
889 1326 984 1366 Nos
999 1336 1138 1366 autem
1155 1327 1181 1366 ἐι
1197 1334 1234 1366 te
1252 1324 1388 1380 potius
1405 1341 1413 1366 :
1446 1340 1684 1383 quanquam

163 1386 285 1426 etiam
308 1385 358 1426 ab
379 1384 467 1426 istis
497 1399 603 1439 saepe
631 1382 816 1439 quaesivi,
838 1392 877 1423 et
908 1382 1059 1434 audivi,-
1080 1397 1166 1423 non
1195 1381 1346 1424 invitus
1366 1381 1581 1438 equidem:
1614 1382 1683 1425 sed

163 1443 271 1484 aliud
294 1443 499 1499 quoddam
524 1441 750 1495 expetimus
771 1440 886 1481 filum
904 1439 1098 1481 orationis
1115 1450 1214 1482 tuae.
1275 1440 1419 1482 ScoevJ
1459 1440 1568 1482 Tum
1590 1455 1684 1482 ma-

162 1499 224 1550 gis
248 1499 288 1541 id
311 1501 478 1551 (imeres,
502 1501 650 1550 Fanni,
674 1499 707 1539 si
728 1513 857 1553 nuper
875 1497 919 1538 in
941 1491 1311 1553 hortis'Scipionis,
1333 1498 1434 1538 cum
1453 1506 1514 1538 est
1530 1497 1580 1538 de
1599 1499 1691 1540 Re:

96 1545 328 1614 ssfmbliea
362 1557 630 1612 disputatum,
664 1555 862 1606 affuisses,
895 1555 1026 1610 qualis
1058 1565 1147 1596 turn
1180 1564 1374 1610 patronus
1402 1553 1575 1610 justitiae
1605 1553 1683 1598 fuit

163 1625 305 1656 contra
325 1626 555 1656 accuratam
577 1612 806 1655 orationem
834 1611 964 1654 Phili}
999 1614 1136 1655 Famz.
1186 1611 1320 1654 Facile
1341 1611 1380 1653 id
1402 1611 1569 1668 quidem
1589 1612 1681 1664 fuit,

155 1671 360 1730 justitiam
388 1670 619 1729 justissimo
651 1670 735 1711 viro
773 1669 999 1711 defendere.
1071 1670 1196 1712 Scaev.
1270 1669 1386 1712 Quid
1421 1668 1678 1712 amicitiam?

160 1745 302 1772 nonne
323 1729 438 1772 facile
462 1729 513 1780 ei,
548 1730 618 1785 qui
649 1728 702 1768 ob
736 1743 826 1769 eam
859 1730 1024 1769 summa
1053 1727 1147 1779 fide,
1169 1725 1416 1779 constantia,
1440 1726 1684 1785 justitiaque

163 1797 376 1838 servatam,
395 1787 620 1828 maximam
641 1785 810 1842 gloriam
831 1784 980 1840 ceperit
998 1786 1011 1826 ?

220 1846 347 1888 VlII.
379 1845 484 1886 Loel.
516 1844 619 1886 Vim
638 1844 715 1883 hoc
738 1842 903 1898 quidem
922 1853 980 1883 est
1004 1841 1168 1894 afferre3
1201 1843 1297 1898 quid
1319 1841 1431 1884 enim
1448 1840 1580 1893 refert,
1600 1844 1686 1898 qua.

160 1917 231 1945 me
265 1901 474 1958 rogatione
506 1901 690 1958 cogatis?
735 1900 880 1957 cogitis
919 1900 1059 1952 certe,
1094 1899 1237 1941 studiis
1271 1900 1381 1948 enim
1421 1914 1682 1955 generorum,

161 1959 387 2017 praesertim
407 1959 449 2000 in
471 1974 510 2000 re
531 1960 655 2009 bona,
682 1959 782 1999 cum
807 1956 971 1998 difficile
1002 1968 1076 2009 est,
1110 1968 1200 1999 tum
1230 1973 1281 1998 ne
1313 1971 1480 2014 aequum
1514 1956 1680 2013 quidem

161 2017 367 2059 obsistere.
429 2015 666 2072 Saepissime
702 2015 824 2072 igitur
858 2014 963 2056 mihi
992 2015 1040 2056 de
1072 2013 1254 2056 amicitia
1283 2014 1480 2071 cogitanti
1499 2013 1681 2056 maxime

121 2086 145 2119 5
162 2074 261 2116 illud
283 2074 626 2116 considerandum
642 2071 767 2114 videri
787 2071 902 2122 solet,
930 2088 1033 2113 num
1068 2081 1229 2127 propter
1265 2071 1587 2113 imbecillitatem
1616 2080 1679 2112 at·
1720 2116 1723 2126 η

163 2148 242 2189 que
262 2131 443 2187 inopiam
467 2131 687 2173 desiderata
714 2129 766 2170 sit
785 2128 989 2171 amicitia:
1022 2139 1068 2170 ut
1094 2129 1236 2171 dandis
1254 2129 1575 2185 recipiendisque
1590 2142 1680 2168 me-

160 2190 264 2241 ritis,
288 2190 398 2246 quod
431 2188 604 2246 quisque
630 2187 771 2228 minus
803 2202 874 2242 per
894 2202 934 2227 se
955 2186 1210 2242 ipse‘posset,
1233 2186 1272 2228 id
1296 2187 1494 2242 acciperet
1514 2185 1564 2227 ab
1585 2185 1681 2237 alio,

158 2246 420 2304 vicissimque
443 2244 645 2288 redderet:
679 2259 731 2286 an
746 2253 848 2285 esset
870 2245 949 2285 hoc
971 2244 1134 2300 quidem
1153 2243 1365 2300 proprium
1382 2242 1592 2293 amiciti-m,
1613 2243 1680 2284 sed

160 2303 367 2361 antiquior
384 2313 423 2345 et
447 2303 670 2358 pulchrior,
690 2312 729 2343 et
759 2301 890 2358 magis
910 2304 935 2343 a
955 2304 1099 2343 natura
1120 2301 1209 2357 ipsa
1226 2300 1406 2356 prosecta
1425 2300 1503 2341 alia
1532 2315 1680 2352 causa3

95 2371 147 2406 10
163 2377 277 2403 amor
294 2362 402 2403 enim
440 2364 505 2415 (ex
540 2375 622 2417 quo
657 2359 838 2400 amicitia
867 2358 1099 2412 nominata)
1134 2358 1321 2414 princeps
1342 2368 1401 2399 est
1422 2358 1470 2399 ad
1499 2357 1678 2403 benevo-

161 2420 328 2461 lentiam
365 2418 696 2475 conjungendam
715 2433 728 2468 3
761 2432 859 2458 nam
880 2416 1070 2457 utilitates
1092 2415 1257 2472 quidem
1279 2416 1400 2458 etiam
1422 2415 1472 2458 ab
1505 2412 1554 2456 iis
1586 2429 1677 2469 per-

160 2476 370 2532 cipiuntur
391 2491 513 2530 saepe,
537 2474 605 2531 qui
642 2473 901 2515 simulatione
941 2473 1136 2515 amicitiae
1171 2473 1375 2524 coluntur,
1398 2481 1438 2514 et
1457 2472 1678 2513 observan-

158 2544 224 2585 tur
243 2537 365 2575 causa
383 2532 589 2588 temporis.
650 2533 700 2573 In
719 2531 900 2572 amicitia
929 2541 1065 2572 antem
1089 2530 1193 2572 nihil
1215 2531 1376 2582 fictum,
1409 2528 1513 2571 nihil
1543 2530 1683 2571 simu-'

156 2591 312 2643 latum;
358 2601 412 2642 et,
456 2588 654 2647 quidquid
698 2588 742 2630 in
781 2590 829 2630 ea
858 2599 933 2639 est,
973 2589 1012 2629 id
1043 2597 1102 2629 est
1136 2603 1275 2630 verum
1314 2597 1354 2629 et
1384 2585 1676 2629 voluntarium.

91 2656 140 2692 15
158 2649 419 2706 Quapropter
449 2651 473 2690 a
503 2649 649 2688 natura
679 2646 785 2687 mihi
816 2646 972 2686 videtur
1010 2645 1163 2701 potius,
1197 2648 1322 2703 quam
1355 2645 1405 2686 ab
1450 2643 1681 2701 indigenti&¹

156 2715 244 2747 orta
274 2705 470 2756 amicitia,
507 2715 547 2746 et
577 2703 849 2759 applicatione
883 2702 1015 2759 magis
1052 2703 1179 2745 animi
1217 2718 1312 2744 cum
1349 2702 1529 2759 quodam
1557 2715 1680 2743 sensu

155 2763 337 2811 amandi,
370 2765 498 2819 quam
520 2761 780 2818 cogitatione,
803 2769 1005 2818 quantum
1038 2760 1106 2802 illa
1135 2775 1195 2802 res
1226 2759 1412 2802 utilitatis
1433 2768 1535 2800 esset
1553 2757 1682 2800 habi--

153 2829 256 2861 tura.
320 2821 446 2863 Quod
480 2819 645 2876 quidem
680 2818 799 2875 quale
829 2817 898 2866 sit,
929 2817 1051 2858 etiam
1084 2818 1126 2858 in
1155 2817 1292 2859 bestiis
1314 2815 1675 2873 quibusdam'ani-

149 2877 344 2922 madverti
373 2887 530 2934 potest:
565 2892 659 2936 quae
679 2891 725 2919 ex
754 2891 795 2918 se
818 2884 933 2918 natos
955 2874 1011 2917 ita
1030 2885 1171 2918 amant
1191 2875 1239 2918 ad
1263 2874 1468 2932 quoddam
1491 2882 1672 2930 tempus,

1629 2938 1671 2975 et
