1872 3140
472 163 701 206 ORAT10
729 162 850 205 PRO
880 163 936 220 Q.
955 160 1216 205 LIGARIO.
1588 167 1664 208 375

91 275 144 320 eb
171 277 194 302 δ’
210 277 373 332 spectat,
404 289 448 319 ut
484 293 528 318 ea
558 293 694 333 poena,
716 278 758 318 in
778 275 857 332 qua
886 278 1016 318 adhuc
1048 278 1104 332 Q.
1126 274 1309 332 Ligarius
1328 274 1391 324 sit,
1421 288 1504 316 non
1517 276 1595 316 ''vi-

90 333 267 375 deamini
301 349 386 375 esse
417 336 621 376 contenti:
668 349 759 390 quae
790 346 847 376 est
878 335 1000 389 igitur
1027 336 1118 383 alia,
1149 343 1296 388 praeter
1324 331 1530 373 mortem?
1559 333 1591 372 si

87 390 198 431 enim
218 391 261 431 in
281 392 403 432 exilio
424 403 496 441 est,
517 392 629 432 sicuti
650 404 724 440 est,
745 392 842 446 quid
863 392 1030 444 amplius
1047 388 1282 443 postulatis?
1302 402 1369 436 an,
1386 403 1438 429 ne
1455 389 1593 444 ignos-

86 444 230 488 catur?
274 447 352 488 hoc
381 447 478 489 verb
523 446 653 489 multo
697 448 890 496 acerbius,
918 445 1131 500 multoque
1161 457 1220 487 est
1251 447 1434 500 gravius3
1479 445 1590 500 quod

85 515 159 543 nos
175 503 285 544 domi
305 505 479 558 petimus
499 506 680 559 precibus
701 516 740 545 et
759 504 957 556 lacrymis,
972 503 1157 557 prostrati
1178 503 1228 542 ad
1248 503 1385 556 pedes,
1405 516 1489 542 non
1506 513 1589 542 tam
1604 506 1656 546 70

84 569 234 600 nostra:
255 575 380 601 causae
401 562 586 610 fidentes,
613 563 735 615 quam
761 561 879 611 hujus
908 560 1165 609 humanitati,
1187 560 1228 600 id
1258 573 1309 599 ne
1329 559 1590 612 impetremus

83 617 94 634 ¹
113 618 307 670 pugnabis
326 616 340 657 ?
372 631 411 659 et
438 619 479 658 in
503 629 685 658 nostrum
706 618 850 657 fletum
877 617 1072 669 irrumpes
1091 615 1106 655 ?
1137 627 1178 656 et
1199 615 1214 636 ¹‘
1235 629 1308 656 nos
1342 615 1520 667 jacentes
1539 616 1590 657 ad

82 672 205 725 pedes
224 675 448 728 supplicum
467 688 565 714 voce
585 670 845 727 prohibebis?
1489 702 1493 705 -
1617 686 1620 687 ’

138 728 200 768 IV
203 759 213 768 .
248 729 292 772 Si
319 729 412 771 curn
433 732 510 771 hoc
531 731 641 770 domi
671 728 909 777 faceremus,
931 730 1040 783 quod
1063 739 1102 770 et
1122 728 1304 776 fecimus,
1325 738 1365 770 et
1384 738 1429 769 ut
1456 744 1588 784 spero,

79 799 163 826 non
179 784 325 828 frustra
343 787 526 835 fecimus,
554 798 599 827 tu
621 783 839 840 derepente
859 786 1081 840 irrupisses,
1109 796 1149 826 et
1181 787 1352 826 clamare
1387 787 1588 840 coepisses,

80 841 131 882 C.
170 842 394 892 CAESAR,
429 857 523 884 cave
567 843 718 891 credas,
767 856 864 883 cave
893 843 1088 897 ignoscas,
1118 856 1213 883 cave
1242 852 1282 882 te
1312 840 1482 882 fratrum
1512 858 1587 896 pro

78 897 211 939 fratris
230 901 355 941 salute
374 899 670 941 obsecrantium
690 899 903 947 misereat;
933 913 1071 939 nonne
1100 913 1265 940 omnem
1290 899 1585 953 humanitatem

77 954 284 996 exuisses?
315 954 468 1010 quantb
503 957 581 997 hoe
615 956 769 1003 durius,
802 956 913 1009 quod
945 969 1018 995 nos
1038 957 1150 997 domi
1171 956 1358 1010 petimus,
1379 955 1421 995 id
1440 952 1461 993 ὲ
1481 967 1522 996 te
1543 956 1583 996 in
1599 966 1622 999 5

77 1009 167 1052 foro
193 1012 453 1067 oppugnari?
494 1024 534 1054 et
565 1013 610 1053 in
625 1013 693 1053 tali
716 1011 874 1054 miseria
908 1014 1130 1053 multorum
1166 1010 1398 1067 perfugium
1427 1013 1586 1052 miseri·
1621 1027 1623 1029 ·

71 1069 221 1110 cordiae
241 1069 409 1110 tollere?
439 1070 586 1110 Dicam
607 1067 739 1123 plane,
774 1069 824 1110 C.
856 1067 1007 1118 Caesar,
1042 1069 1152 1124 quod
1173 1069 1329 1110 sentio:
1359 1069 1390 1108 si
1429 1069 1472 1108 in
1506 1068 1585 1110 hac

73 1124 186 1166 tanta
222 1124 291 1167 tua
328 1125 492 1168 fortuna
526 1133 540 1147 ²
560 1127 702 1167 lenitas
736 1136 846 1166 tanta
866 1140 950 1167 non
971 1138 1090 1175 esset,
1109 1136 1302 1180 quantam
1333 1122 1348 1144 ¹³
1369 1136 1414 1166 tu
1435 1140 1508 1179 per
1527 1136 1584 1176 te,

72 1194 145 1236 per
163 1183 422 1238 te‚·inquam‚
452 1184 609 1225 obtines
644 1183 843 1237 (intelligo
881 1183 979 1237 quid
1015 1181 1176 1237 loquar)
1197 1182 1451 1223 acerbissimo
1471 1183 1584 1224 luctu

72 1238 317 1281 redundaret
337 1241 411 1281 ista
433 1241 622 1288 victoria3
657 1237 780 1293 quarn
794 1240 910 1280 multi
932 1240 1041 1280 enim
1063 1251 1193 1280 essent
1209 1240 1261 1279 de
1280 1239 1500 1280 victoribus
1514 1241 1583 1294 qui
1603 1249 1652 1284 10

72 1297 341 1337 tecrudelem
362 1311 445 1338 esse
465 1299 631 1344 vellent,
661 1295 756 1336 cum
787 1298 906 1337 etiam
939 1297 990 1337 de
1010 1297 1124 1337 victis
1144 1296 1395 1350 reperiantur
1413 1294 1428 1336 ?
1461 1297 1584 1350 quarn

71 1352 207 1403 multi,
237 1354 322 1407 qui,
347 1352 440 1394 cum
464 1352 486 1394 31
507 1365 546 1394 te
563 1353 716 1394 nemini
736 1354 887 1408 ignosci
909 1354 1074 1400 vellent,
1096 1353 1339 1406 impedirent
1375 1354 1584 1394 clementi-

71 1422 136 1448 a.n
157 1419 285 1459 tuam,
308 1409 401 1450 cum
419 1412 539 1452 etiam
560 1411 604 1460 ii,
621 1411 765 1468 quibus
779 1410 861 1463 ipse
883 1410 1085 1465 ignovisti,
1105 1411 1237 1450 nolint
1258 1420 1298 1450 te
1319 1410 1361 1448 in
1383 1411 1478 1450 alios
1500 1424 1583 1451 esse

70 1465 405 1507 misericordem?
438 1465 565 1523 Qubd
596 1468 625 1506 si
656 1468 825 1520 probare
859 1467 1006 1507 Caesari
1038 1481 1259 1520 possemu3‚
1294 1466 1336 1506 in
1360 1465 1494 1506 Africa
1514 1467 1584 1507 Li-

68 1522 223 1575 garium
246 1525 414 1564 omnino
435 1539 519 1565 non
539 1523 660 1564 fuisse
678 1539 687 1563 :
712 1523 743 1563 si
770 1524 941 1564 honesto
964 1534 1004 1566 et
1024 1523 1273 1564 misericordi
1290 1523 1501 1564 mendacio
1522 1539 1582 1565 sa·
1599 1532 1649 1569 15

67 1578 142 1618 luti
162 1579 257 1619 civis
280 1582 497 1622 calamitosi
528 1590 540 1603 ²
560 1581 788 1620 consultum
810 1594 892 1620 esse
913 1581 1125 1622 vellemus:
1149 1590 1286 1620 tamen
1302 1580 1478 1620 hominis
1494 1594 1578 1621 non

68 1645 187 1683 esset,
208 1636 250 1675 in
283 1648 397 1677 tanto
432 1637 662 1678 discrimine
689 1647 728 1677 et
749 1637 927 1690 periculo
949 1637 1059 1685 civis,
1079 1635 1264 1676 refellere
1285 1646 1325 1676 et
1361 1650 1578 1691 coarguere

66 1703 251 1736 nostrum
282 1694 561 1739 mendacium:
590 1705 631 1733 et
652 1694 683 1734 si
703 1703 803 1733 esset
821 1693 999 1744 alicujus,
1033 1694 1116 1745 ejus
1136 1695 1245 1734 certe
1265 1707 1350 1733 non
1372 1704 1487 1742 esset,
1508 1695 1579 1748 qui

66 1749 110 1788 in
131 1747 274 1792 e‘adem
294 1749 410 1791 causa
430 1762 468 1791 et
507 1749 672 1798 fortuna
702 1748 855 1790 fuisset.
911 1749 994 1790 Sed
1021 1760 1158 1790 tamen
1191 1750 1298 1789 aliud
1320 1760 1378 1790 est
1408 1749 1424 1770 ‘³
1445 1765 1578 1792 errare

67 1804 425 1857 Caesarem-nolle,
458 1807 567 1847 aliud
597 1809 707 1847 nolle
735 1807 938 1847 misereri:
969 1817 1058 1846 tum
1089 1806 1256 1855 diceres,
1285 1805 1395 1846 Cave
1426 1803 1575 1858 Cacsar,
1593 1817 1649 1857 20

65 1862 230 1911 credas;
260 1863 337 1904 fuit
373 1863 416 1909 in
453 1863 593 1911 Africa
613 1862 821 1918 Ligarius;
852 1863 944 1905 tulit
965 1877 1075 1904 arma
1095 1872 1234 1905 contra
1254 1872 1319 1905 te:
1347 1876 1457 1904 nunc
1477 1865 1578 1918 quid

64 1917 192 1959 dicis?
223 1918 333 1961 Cave
360 1920 553 1975 ignoscas.
611 1920 714 1960 Haec
741 1933 816 1959 nec
845 1920 1036 1968 hominis,
1067 1933 1141 1960 nec
1172 1920 1223 1960 ad
1251 1919 1463 1960 hominem
1494 1934 1577 1962 vox

64 1986 124 2015 est
142 1991 151 2015 :
200 1976 280 2030 qua
310 1977 379 2031 qui
409 1978 514 2031 apud
544 1987 600 2025 te,
645 1977 694 2017 C.
733 1975 883 2025 Caesar,
922 1987 1074 2026 utetur,
1113 1989 1227 2016 suam
1271 1974 1389 2016 citius
1418 1977 1576 2029 abjiciet

63 2032 374 2084 humanitatem,
416 2031 538 2089 quarn
582 2033 841 2093 extorquebit
885 2044 1008 2080 tuam.
1088 2034 1146 2074 Ac
1176 2032 1330 2087 primus
1358 2033 1504 2082 aditus,
1534 2044 1575 2075 et

1438 2100 1578 2145 postu-

115 2233 132 2255 *
151 2234 274 2272 tendit.
331 2235 337 2256 ³
355 2235 532 2286 impedies.
574 2234 605 2257 ’κ
622 2249 691 2274 non
698 2237 881 2286 permittes
897 2236 1114 2286 supplicare.
1151 2239 1166 2258 ⁸
1184 2234 1380 2275 clementia.
1417 2233 1435 2256 ⁸
1447 2244 1576 2274 natura

68 2294 137 2331 21:42.
191 2292 205 2308 ⁴²
219 2287 408 2327 consulere.
463 2288 477 2310 ‘¹
494 2288 626 2342 decipi.
704 2290 707 2294 ’

109 2468 161 2498 70.
189 2467 277 2499 Domi
294 2472 437 2516 petimus]
457 2473 585 2514 Nempe
604 2472 747 2514 primum
764 2475 798 2506 in

67 2512 161 2541 dumo
176 2512 320 2560 Czesaris,
329 2516 516 2557 deindejam
528 2519 560 2548 in
576 2517 714 2555 soro,ubi
727 2519 797 2549 hoec

65 2563 162 2584 causa
177 2562 289 2594 agutur.

114 2598 141 2625 1.
160 2598 201 2632 Si.
220 2598 281 2628 stan
295 2599 345 2630 hoc
357 2599 457 2643 domn]
477 2603 508 2633 A
527 2602 642 2635 minori
657 2603 797 2644 amplifi-

66 2645 117 2670 cat
141 2640 412 2674 inhumanitatem
428 2644 621 2685 Tuberonis,
639 2654 736 2688 atque
755 2647 799 2685 ita

66 2682 229 2714 concludit
243 2695 251 2720 ;
268 2684 292 2714 si
307 2695 363 2716 nos
373 2686 550 2726 supplicare
567 2689 653 2719 domi
668 2689 798 2720 Caesaris

66 2726 244 2764 impedires,
262 2730 345 2759 certe
371 2739 453 2759 esses
476 2729 629 2761 dicendus
649 2731 800 2762 inhuma-

65 2777 145 2798 nus:
177 2776 208 2799 at
236 2769 267 2800 in
295 2771 361 2802 foro
387 2771 599 2811 supplicantes
625 2783 800 2815 oppugnas,

65 2820 138 2850 ergo
154 2811 256 2842 mult&
273 2822 306 2844 cs
322 2814 539 2845 inhumanior.

110 2853 158 2884 lb.
186 2855 272 2884 ,Quod
294 2861 320 2886 ec
336 2856 485 2894 ficimus-J
518 2857 681 2889 Venerunt
708 2859 798 2892 enirn

66 2897 149 2934 apud
167 2897 327 2930 Caesarcm
338 2907 373 2930 ut
390 2909 446 2940 pro
459 2900 581 2940 Ligario
596 2902 798 2941 deprecaren-

70 2943 130 2975 gur.

883 2476 913 2504 3.
932 2473 964 2503 C.
980 2469 1102 2513 Cesar]
1122 2471 1354 2513 Prosopopoeia.

885 2520 912 2547 6.
929 2515 970 2546 In
985 2515 1037 2546 tali
1047 2515 1160 2545 miseriti
1178 2514 1360 2555 molnitum]
1380 2514 1438 2545 Eos
1457 2514 1575 2547 indicat

841 2560 896 2598 qui
915 2560 1105 2598 Pompeium
1123 2559 1221 2588 secuti
1240 2566 1326 2593 sunt,
1353 2567 1491 2598 quorum
1508 2567 1574 2589 una

841 2612 911 2642 spes
925 2609 971 2632 est
985 2599 1099 2632 reditus
1114 2601 1147 2631 in
1164 2601 1295 2631 Orc-saris
1313 2595 1494 2631 clementia.

887 2647 935 2676 11.
960 2645 1006 2676 De
1019 2643 1130 2682 victis]
1161 2644 1247 2673 Inter
1270 2645 1369 2673 victos
1392 2642 1479 2674 fuere
1508 2644 1574 2676 Tu-

841 2689 986 2725 berones,
1001 2696 1077 2717 nam
1093 2693 1181 2716 erant
1199 2686 1230 2715 in
1248 2685 1355 2717 castris
1366 2686 1525 2725 Pompeii:
1542 2693 1575 2718 et

842 2739 889 2762 cst
903 2735 1130 2771 argumentum
1148 2727 1164 2758 a
1182 2729 1305 2758 minore
1320 2727 1358 2757 ad
1374 2727 1486 2766 majus.

887 2775 938 2803 24.
956 2774 1001 2803 Ac
1014 2772 1124 2813 primus
1146 2770 1240 2800 odilus-
1255 2767 1269 2811 ]
1296 2771 1472 2811 Postquam
1492 2780 1575 2811 *cm-

842 2814 1187 2847 delitatcm'l'uberonis
1198 2814 1359 2844 insecutus
1369 2815 1576 2854 est‚proponit

843 2861 962 2890 crimen
979 2857 1065 2897 quod
1080 2857 1119 2886 ab
1136 2856 1192 2886 illo
1217 2855 1378 2897 objectum
1404 2863 1450 2886 est
1466 2857 1576 2887 statim

842 2903 882 2932 ab
898 2901 1048 2932 orationis
1066 2899 1236 2941 principio,
1252 2908 1353 2940 quain
1368 2899 1483 2931 habuit
1499 2908 1575 2930 con-

1530 2949 1577 2974 Ὦ

1844 2352 1854 2389 ¹0·
1844 2160 1864 2344 *σν-εκεῖ-
1845 2147 1856 2155 ³
