1887 3083
300 489 647 549 MARCI
696 488 1056 550 TULLII
1109 469 1692 550 CICERONIS

818 615 826 621 ·
863 622 1110 680 VITA
1525 622 1529 626 ’

954 811 1038 840 PER

479 922 698 960 ANNOS
735 921 1164 960 CONSULARES
1201 922 1499 965 DIGESTA,

191 1031 387 1082 Partim
410 1050 468 1082 em
492 1034 772 1091 Plutarcho,
808 1034 986 1098 partim.
1017 1052 1074 1083 elz*
1106 1033 1337 1095 Fabricio,
1374 1033 1569 1100 Pigln'o,
1608 1033 1799 1100 aliisque

731 1101 1049 1166 &raptoribus
1079 1104 1277 1151 collecta.

550 1367 770 1411 ANNUS
802 1367 979 1410 URBIS
1013 1366 1310 1412 CONDITAE
1333 1372 1429 1417 647.

206 1481 209 1483 —
237 1458 333 1498 Coss.
356 1461 398 1498 Ω.
415 1460 577 1497 Servilio
597 1460 774 1510 Coepz‘one,
803 1461 843 1498 C.
862 1460 1001 1497 Attilz'o
1021 1460 1193 1507 Serrano,
1224 1468 1309 1498 ante
1328 1460 1511 1498 Christum
1528 1470 1650 1499 natwn
1674 1466 1760 1501 105.

190 1529 432 1590 CICERO
467 1548 672 1589 Romanae
703 1545 951 1603 eloquentiae
986 1544 1176 1602 princeps
1212 1545 1293 1588 hoc
1329 1561 1440 1587 anno
1471 1545 1642 1602 Arpini,
1676 1546 1799 1590 tertio

189 1605 375 1646 Januarii
414 1614 535 1646 natus
575 1614 636 1645 est
670 1613 800 1645 matre
842 1604 1009 1656 Helvia,
1062 1613 1174 1660 patre
1221 1604 1289 1646 M.
1327 1604 1468 1646 Tullio
1517 1619 1569 1646 ex
1618 1605 1798 1661 equestri

189 1662 349 1714 ordine,
395 1677 519 1719 quem
570 1676 619 1703 ex
667 1661 779 1719 regio
823 1661 1076 1704 Volscorum
1118 1660 1321 1718 sanguine
1366 1661 1574 1718 originem
1626 1661 1798 1704 traxisse

190 1717 675 1772 scribunt'Plutarchus,
717 1728 758 1761 et
796 1718 923 1761 Silius
964 1718 1133 1761 Italicus
1171 1719 1245 1760 lib.
1285 1727 1323 1761 Β.
1363 1730 1403 1761 et
1433 1734 1564 1776 genus
1597 1719 1709 1762 illius
1743 1719 1794 1763 ad

188 1775 376 1820 Tullium
399 1778 591 1820 Atticum
614 1775 864 1820 Volscorum
888 1791 1022 1835 regem
1053 1775 1248 1818 referunt.
1310 1776 1372 1818 At
1396 1776 1441 1819 id
1471 1792 1524 1819 ne
1552 1776 1798 1835 cogitavisse

190 1834 357 1892 quidem
397 1834 546 1878 Cicero
577 1835 751 1888 videtur,
784 1835 938 1877 nedum
968 1833 1200 1877 credidisse.
1263 1834 1369 1876 Non
1396 1834 1510 1877 enim
1538 1834 1595 1878 ita
1621 1835 1796 1878 laudum

189 1908 359 1935 suarum
393 1893 603 1936 abstinens
639 1893 733 1946 fuit,
766 1902 813 1935 ut
843 1891 886 1944 id,
916 1892 966 1935 de
997 1908 1040 1934 se
1074 1890 1326 1950 praeterierit.
1405 1893 1471 1934 Ex
1502 1893 1678 1936 nomine
1712 1893 1796 1947 avi,

189 1949 262 2006 qui
295 1952 362 1994 M.
399 1951 562 1994 Tullius
597 1951 746 1994 Cicero
782 1950 1118 2008 nuncupabatur,
1151 1958 1320 1992 vocatus
1359 1959 1434 2002 est,
1467 1966 1549 2008 quo
1582 1950 1693 2005 vivo,
1735 1967 1795 2005 se,

188 2007 261 2051 lib.
284 2018 325 2051 2,
357 2009 406 2050 de
427 2008 626 2067 Legibus,
660 2019 806 2052 natum
833 2008 905 2051 ait.
969 2010 1088 2051 Pater
1114 2008 1202 2066 ejus
1228 2007 1353 2051 nullis
1384 2008 1635 2067 dignitatum
1667 2024 1796 2052 orna-

188 2066 342 2108 mentis
362 2067 535 2109 domum
558 2082 675 2110 suam
698 2066 936 2120 illustravit3
970 2069 1069 2109 cum
1094 2066 1208 2109 enim
1231 2065 1400 2109 infirma
1419 2066 1654 2109 valetudine
1672 2077 1796 2121 esset,

188 2123 316 2166 vitam
339 2124 538 2181 privatam
560 2126 675 2168 domi
695 2125 737 2167 in
757 2124 883 2167 literis
903 2124 1002 2182 egit,
1034 2124 1106 2168 ubi
1129 2123 1350 2167 fulloniam
1370 2124 1600 2168 exercuisse
1618 2124 1794 2168 dicitur:

188 2181 255 2223 his
287 2181 386 2237 ipsis
415 2183 537 2226 Coss.
569 2194 610 2226 et
642 2190 691 2226 se'
718 2192 864 2226 natum
895 2197 999 2235 esse,
1031 2192 1071 2225 et
1101 2184 1150 2226 L.
1182 2181 1381 2224 Crassum
1413 2183 1549 2241 legem
1576 2182 1797 2226 Serviliam

189 2238 380 2292 suasisse,
422 2239 466 2283 in
501 2242 635 2285 Bruto
674 2241 791 2294 dicit,
832 2242 916 2298 qua
950 2241 1001 2282 de
1034 2239 1401 2282 communicandis
1433 2257 1531 2283 cum
1564 2241 1718 2283 Senatu
1754 2250 1795 2285 et

189 2296 399 2353 equitibus
426 2297 597 2356 judiciis
632 2299 842 2358 agebatur.
918 2300 1080 2341 Eodem
1112 2313 1235 2350 anno,
1268 2314 1420 2341 novem
1455 2298 1671 2351 mensibus
1702 2310 1796 2355 post

190 2354 456 2410 Ciceronem,
490 2366 611 2399 natus
646 2371 709 2401 est
745 2356 968 2414 Pompeius
1001 2371 1194 2414 magnus,
1227 2356 1262 2398 si
1294 2357 1353 2400 D.
1390 2356 1659 2413 Hieronymo
1686 2356 1797 2413 apud

190 2411 440 2469 Eusebium,
471 2424 512 2457 et
529 2415 692 2460 Velleio
714 2414 945 2459 credamus.

544 2558 764 2636 ANNUs
798 2584 975 2627 unsis
1009 2582 1310 2627 CONDITAE
1333 2587 1434 2625 648.

191 2678 288 2717 Coss.
306 2678 394 2717 Pub.
412 2671 556 2718 Rutilio
575 2679 685 2727 Raso,
718 2678 780 2716 Cn.
802 2678 957 2723 Mallio,
988 2686 1070 2716 cmte
1091 2678 1268 2715 Christum
1292 2681 1377 2732 104.
1410 2677 1597 2715 Ciceronis
1615 2669 1798 2714 secundus„

248 2765 346 2809 Hoc
366 2778 477 2805 anno
498 2763 651 2827 duplex
670 2761 828 2806 bellurn
850 2760 1054 2805 Romanis
1086 2759 1280 2818 contigit,
1315 2760 1528 2804 funestum
1556 2770 1797 2818 utrumque,

191 2819 370 2864 alterum
386 2821 430 2865 in
450 2820 686 2875 Lusnania,
716 2820 788 2865 ubi
809 2835 943 2863 caesus
964 2829 1026 2862 est
1045 2834 1188 2863 eorum
1211 2816 1436 2863 exercitus:
1464 2819 1796 2921 alterumbCim·

1009 2890 1037 2919 B
1666 2891 1801 2920 neum
