1872 3140
444 123 509 167 IN
537 125 601 167 M.
635 123 967 167 ANTONIUM
994 121 1325 167 PHILIPPICA
1358 124 1392 164 Ι.
1679 130 1786 169 399·

146 255 230 294 tur,
259 241 330 298 qui
370 255 441 282 reo
471 241 745 282 condemnato
780 238 901 293 objici
936 255 977 281 se
1007 240 1262 281 multitudini
1296 238 1510 280 conductor:
1543 239 1640 279 velit
1665 239 1680 280 ?

148 313 217 343 aut
244 300 389 353 judex,
419 299 489 353 qui
528 313 646 339 reum
680 299 873 339 damnare
903 299 1062 363 audeat,
1092 309 1136 339 ut
1169 298 1253 352 ipse
1285 297 1336 337 ad
1366 311 1508 350 operas
1529 311 1684 336 merce-

149 358 280 399 narias
327 356 466 397 statim
505 354 794 410 protrahatur?
854 356 959 396 Non
1001 355 1125 408 igitur
1164 354 1426 408 provocatio
1475 352 1550 393 ist-1
1592 355 1682 409 lege

150 417 301 456 datur:
328 415 400 454 sed
427 414 518 454 duae
548 411 725 453 maxime
755 414 944 453 sazlutires
964 413 1108 467 leges⁴¹
1123 412 1448 465 quaestionesque
1467 412 1682 452 tolluntur.

153 472 269 516 Ouid
305 482 364 512 est
400 472 524 526 igitur
558 471 667 511 aliud
706 471 912 510 adhortari
953 471 1241 516 adolescentes,
1285 478 1330 509 ut
1369 468 1608 517 turbulenti,
1639 479 1683 509 ut
1703 479 1759 514 φο

153 517 348 575 seditiosi,
376 540 422 569 ut
454 528 669 583 perniciosi
689 528 795 568 cives
825 528 951 567 velint
972 541 1055 567 esse
1079 525 1094 566 ?
1139 541 1262 580 quam
1296 538 1432 566 autem
1453 525 1501 564 ad
1529 537 1685 580 pestem

151 586 268 628 furor
307 585 566 626 lribunitius
600 585 753 647 impelli
793 599 876 624 non
916 584 1081 637 poterit,
1109 583 1172 623 his
1207 583 1361 622 duabus
1381 583 1686 637 quaestionibus,

151 643 204 686 de
237 643 275 683 vi
316 653 356 684 et
391 644 444 684 de
477 643 698 694 majestate,
714 639 930 681 sublatis?
974 640 1104 696 Quid,
1145 641 1256 694 quod
1290 641 1510 704 obrogatur
1530 641 1686 695 legibus

140 699 338 750 Caesaris,
367 714 459 755 quae
497 699 644 751 jubent
684 697 736 763 ei,
765 699 834 752 qui
873 698 925 738 de
953 698 1009 746 vi,
1048 698 1230 751 itemque
1270 697 1321 745 ei,
1363 697 1432 751 qui
1471 697 1687 763 majestatis
1775 737 1778 742 ,

153 759 368 800 damnatus
388 758 453 806 sit,
482 755 587 811 aqua
616 765 663 796 et
691 755 774 810 igni
796 753 1018 796 interdici?
1050 755 1195 809 quibus
1235 769 1329 795 cum
1364 756 1597 809 provocatio
1617 755 1688 795 da·
1705 767 1759 803 ‘25

153 826 237 865 tur,
265 827 405 856 nonne
438 824 526 854 acta
546 812 750 854 Caesaris‘
765 813 1080 853 rescinduntur.
1073 811 1088 840 Ρ
1121 812 1227 867 Quae
1249 811 1416 866 quidem
1447 826 1538 866 ego,
1568 812 1614 852 P.
1636 812 1685 854 C.

154 874 227 928 qui
249 873 316 913 illa
334 884 546 926 nunquam
576 870 759 938 probavi,
789 870 845 910 ita
878 871 1154 911 conservanda
1191 869 1420 910 concordiae
1443 884 1560 909 causa
1582 871 1689 911 arbi-

154 939 282 971 tratus
302 942 408 978 sum,
438 938 482 968 ut
517 942 603 968 non
634 924 777 976 modo,
807 942 905 982 quas
926 927 1039 969 vivus
1073 926 1208 968 Caesar
1239 928 1348 982 leges
1368 927 1542 974 tulisset,
1572 927 1689 967 infir-

155 986 324 1027 mandas
361 986 441 1026 hoc
475 994 661 1040 tempore
698 999 783 1025 non
815 995 1016 1039 putarem,
1058 985 1129 1025 sed
1167 998 1219 1025 ne
1259 985 1345 1024 illas
1384 984 1551 1039 quidem
1591 999 1688 1038 quas
1776 1026 1779 1031 ,

154 1053 247 1098 post
286 1054 465 1084 mortem
500 1041 669 1083 Caesaris
703 1044 877 1096 prolatas
912 1057 996 1083 esse
1029 1053 1069 1082 et
1107 1042 1211 1082 fixas
1246 1041 1402 1082 videtis.
1461 1041 1530 1082 De
1564 1042 1688 1083 exilio
1707 1053 1761 1089 30

154 1099 351 1142 reducti
333 1115 357 1141 a
377 1110 568 1141 mortuo:
597 1100 735 1141 civitas
769 1099 862 1140 data
890 1113 975 1139 non
1008 1098 1141 1140 solum
1171 1099 1354 1153 singulis,
1383 1099 1454 1139 sed
1475 1099 1597 1139 etiarn
1619 1114 1691 1139 na-

155 1158 335 1199 tionibus
374 1169 415 1199 et
449 1158 666 1212 provinciis
703 1157 900 1198 universis
940 1172 962 1197 a
998 1168 1189 1197 mortuo:
1234 1157 1557 1197 immunitatibus
1597 1156 1692 1197 infi-

157 1215 253 1256 nitis
282 1216 437 1256 sublata
456 1215 665 1270 vectigalia
686 1212 707 1254 εἴ
741 1225 919 1255 mortuo.
978 1215 1088 1269 Ergo
1115 1216 1203 1254 haec
1223 1228 1322 1263 uno,
1352 1212 1497 1254 verum
1519 1214 1691 1268 optimo,

155 1282 320 1313 auctore
341 1273 466 1313 domo
497 1274 651 1326 prolata
671 1270 955 1313 defendimus:
986 1287 1051 1313 eas
1085 1273 1208 1327 leges,
1240 1287 1338 1326 quas
1364 1271 1448 1325 ipse
1484 1272 1597 1312 vobis
1628 1273 1690 1312 in-

155 1330 426 1385 spectantibus
463 1329 663 1379 recitavit,
701 1330 1001 1383 pronunciavit,
1044 1330 1153 1378 tulit,
1186 1330 1340 1384 'quibus
1373 1329 1462 1369 latis
1493 1329 1761 1383 gloriam-35

157 1399 239 1436 tur,
269 1388 398 1441 iisque
427 1387 584 1442 legibus
612 1387 905 1441 rempublicam
935 1387 1136 1428 contineri
1166 1388 1346 1441 putabat,
1377 1387 1429 1427 de
1449 1387 1690 1440 provinciis,

159 1445 210 1485 de
236 1444 414 1496 judiciis,
439 1459 528 1494 eas,
557 1444 741 1500 inquam,
773 1443 942 1486 Caesaris
972 1446 1096 1499 legeS‚
1125 1460 1216 1492 nos,
1234 1445 1303 1498 qui
1323 1443 1583 1485 defendimus
1604 1455 1692 1486 acta

159 1500 345 1550 Caesaris,
373 1501 613 1549 evertendas
644 1513 832 1556 putamus
855 1500 871 1542 ?
905 1504 963 1543 At
993 1503 1044 1542 de
1059 1502 1105 1543 iis
1124 1513 1264 1543 tamen
1284 1502 1456 1557 legibus,
1485 1516 1575 1556 quae
1596 1518 1704 1556 pro-v

160 1560 353 1613 mulgatae
393 1571 500 1607 sunt,
541 1560 683 1600 saltem
718 1559 834 1613 queri
873 1574 1112 1614 possumus:
1142 1561 1192 1600 de
1214 1560 1277 1609 iis,
1300 1573 1393 1614 quae
1408 1559 1494 1611 jam
1515 1560 1605 1599 latae
1626 1561 1691 1599 di·-

160 1625 324 1664 cuntur‚
365 1630 417 1657 ne
455 1617 558 1657 illud
597 1617 765 1670 quidem
803 1617 951 1667 licuit3
996 1617 1076 1657 illae
1125 1616 1237 1657 enirn
1277 1615 1389 1657 null&
1418 1618 1691 1672 ,promulgati-
1711 1635 1766 1671 40

157 1686 238 1717 one
284 1674 376 1714 latae
425 1681 520 1714 sunt
569 1684 789 1729 antequam
849 1675 1019 1730 scriptae.
1104 1673 1307 1720 Quaerunt
1358 1673 1457 1730 quid
1506 1675 1571 1725 sit,
1619 1689 1691 1718 cur

414 1812 430 1827 ‘²
440 1804 505 1855 jus
517 1805 756 1856 provocandi.

864 1805 878 1826 ‘¹
885 1805 1052 1856 judicia.
1213 1813 1225 1828 ⁸
1252 1807 1436 1847 tolluntur.

205 1918 256 1947 ³6.
279 1914 471 1946 Multitudini
486 1917 642 1948 conducta
648 1915 660 1959 ]
705 1918 767 1948 Per
783 1917 899 1948 multi·

160 1960 308 1990 tudinem
332 1961 527 1991 conductam
555 1960 703 2001 intelligit
727 1958 914 1992 vilissimos

157 2001 174 2032 ὲ
191 2003 294 2042 plebe,
308 2009 339 2033 et
355 2005 556 2034 mercenariis
571 2005 684 2055 operis,
696 2004 840 2044 aliosque
853 2015 901 2035 se-

158 2047 289 2077 ditiosos
305 2047 402 2082 virm,
416 2048 474 2087 qui
493 2045 630 2087 pecunia
642 2055 902 2087 corrumpentur,

162 2095 202 2120 ut
219 2099 313 2120 reum
330 2090 509 2121 absolvant.

214 2134 264 2164 19.
319 2133 398 2164 Duce
448 2133 568 2164 maxim?
617 2134 757 2164 salutares
801 2133 842 2163 leo
826 2131 900 2175 gas]

159 2175 188 2206 1
180 2185 261 2216 eges
277 2177 315 2207 de
330 2177 360 2206 vi
378 2182 410 2206 et
438 2177 605 2216 majestate
632 2188 710 2218 quas
740 2176 814 2208 tulit
831 2177 901 2208 Cae-

158 2228 217 2251 Sar.

203 2264 255 2293 2‘2.
276 2262 373 2294 Furor
401 2262 606 2307 Tribunitius.]
646 2265 718 2295 Fere
748 2274 802 2304 per
825 2265 897 2294 Tri-

162 2306 280 2337 bunos·
284 2307 383 2346 plebis
409 2317 523 2340 omnes
535 2309 649 2339 Romae
668 2307 837 2340 seditiones
848 2317 901 2339 ex-

162 2349 364 2380 citabantur:
387 2360 487 2390 quare
502 2361 586 2392 saepe
605 2352 714 2382 furiosi
731 2351 778 2382 illi
803 2361 822 2381 a
847 2352 902 2382 Ci-

162 2401 278 2423 cerone
291 2394 512 2425 nominantur.

214 2437 266 2466 25.
305 2435 438 2476 Aquciffet
462 2437 525 2475 igni
546 2437 701 2476 imerdici]
747 2437 900 2478 Aliquem

167 2479 350 2510 interdicere
400 2479 483 2520 aqui
523 2489 554 2512 et
602 2482 667 2521 igni
717 2489 765 2512 est
805 2481 900 2511 illum

165 2521 332 2560 prohibere
352 2523 392 2553 ab
419 2531 479 2554 usu
495 2533 586 2565 aquae
611 2532 644 2555 et
667 2525 760 2564 ignis,
776 2525 903 2564 quibus

163 2566 291 2595 duobus
320 2565 385 2596 vita
411 2566 556 2599 humana
584 2569 728 2599 maxime
758 2569 901 2598 contine-

168 2616 229 2637 tur.

208 2651 260 2681 30.
296 2649 336 2681 Et
348 2650 456 2691 fixas]
499 2654 600 2694 Leges
632 2656 663 2685 in
681 2655 901 2694 parietibusin

161 2704 204 2724 :es
222 2695 329 2725 incisae
341 2695 532 2734 figebantur,
545 2705 581 2728 ut
596 2705 724 2738 possent
738 2699 779 2729 ab
789 2699 896 2728 omni-

161 2739 222 2768 bus
239 2737 310 2777 legi.

206 2781 253 2812 lb.
279 2780 328 2811 De
349 2781 437 2813 exilio
458 2783 567 2813 reducti
590 2783 608 2812 ἀ
634 2784 770 2824 ntorum]
808 2785 897 2815 Pun-

160 2824 208 2865 git
234 2826 421 2859 Antonium,
447 2828 502 2865 qui
531 2827 650 2859 multos
675 2828 715 2858 ab
741 2827 837 2858 exilio
854 2838 897 2859 re-

945 1918 1081 1955 vocavit,
1104 1918 1224 1949 multos
1257 1920 1387 1950 civitate
1416 1921 1560 1958 donavit,
1595 1933 1671 1964 qua
1669 1926 1685 1956 3

944 1970 1018 1993 ante
1036 1969 1174 1992 montem
1193 1963 1223 1992 id
1240 1964 1275 1993 C
1274 1973 1346 1994 esar
1361 1964 1393 1993 in
1410 1966 1705 1997 ιεοῐῐπη(τῐπῖιι’ἰοίι“’ἱ

944 2007 1010 2035 5υἰ5
1027 2005 1226 2046 reliquisset:
1254 2005 1299 2036 illi
1317 2015 1427 2038 autem
1446 2009 1501 2048 qui
1526 2010 1566 2039 ab
1585 2013 1686 2041 Ant<-

947 2049 1001 2078 nio
1028 2049 1077 2079 his
1102 2049 1205 2079 afleeti
1236 2057 1313 2080 sunt
1334 2051 1498 2082 beneficiis
1526 2053 1686 2086 Charonise

947 2102 1002 2132 per
1027 2091 1153 2143 jocum
1169 2093 1244 2123 dicti
1275 2100 1360 2131 sunt,
1388 2097 1479 2134 quasi
1506 2098 1547 2126 ab
1576 2100 1685 2129 inferis

946 2142 1017 2166 trax
1020 2137 1123 2166 smissi
1140 2146 1158 2165 a
1173 2137 1347 2167 Charonte.

1001 2178 1275 2212 31.1xati‹⁷1⁷ib1..r
1282 2178 1297 2220 J
1350 2181 1506 2212 Nationes
1533 2184 1684 2216 (licuntur

941 2222 1103 2256 homines,
1128 2223 1182 2262 qui
1211 2224 1243 2253 in
1273 2223 1382 2263 aliquo
1411 2224 1480 2255 loco
1505 2237 1540 2256 nz'
1537 2228 1569 2256 iti
1597 2239 1681 2264 sur-i,

941 2275 981 2295 ne
987 2275 1050 2306 que
1067 2266 1196 2297 aliunde
1217 2274 1385 2304 xcncrunt,
1410 2278 1492 2309 quos
1521 2270 1657 2310 indigtn
1660 2284 1683 2302 15

945 2308 1095 2340 dicimus.

987 2353 1039 2382 53.
1068 2351 1158 2390 Uno}¹
1165 2347 1259 2384 vnru'fn
1282 2351 1405 2395 ὀΡΙίιὴσ,
1423 2344 1584 2398 auclore.J
1618 2361 1683 2390 Iso

945 2397 998 2426 nia
1015 2396 1047 2426 in
1064 2398 1262 2428 Antonium:
1288 2399 1374 2438 quod
1402 2401 1490 2430 enirn
1514 2402 1559 2451 ip<
1563 2412 1578 2431 e
1595 2402 1625 2431 d
1617 2404 1682 2434 imi

947 2440 1118 2470 meditatus
1133 2448 1192 2476 cst,
1208 2442 1328 2482 prote-rt
1353 2449 1508 2481 tanquam
1523 2443 1540 2473 εὶ
1558 2447 1628 2476 (83.5
1632 2457 1684 2478 arg

945 2485 1128 2522 scriptum3
1152 2490 1189 2514 et
1193 2485 1284 2524 'quod
1296 2484 1452 2525 scriptum
1467 2493 1514 2517 est
1528 2485 1546 2517 εἰ
1560 2489 1685 2521 Cet-sare

947 2527 1072 2557 evertit.
1114 2547 1115 2550 =
1647 2546 1674 2558 r-

989 2571 1040 2600 40.
1082 2564 1183 2601 ΝηῘΙά
1217 2569 1475 2619 promulgatione]
1519 2575 1574 2605 Ut
1600 2559 1704 2626 sepe)

945 2613 1133 2653 scripsimus
1149 2614 1180 2644 'n
1197 2614 1228 2644 hi
1233 2625 1246 2643 5
1261 2615 1467 2652 orationibus,
1485 2615 1683 2656 lcges‚a1it2¹·

945 2666 1046 2696 quam
1070 2657 1130 2687 ferr
1177 2665 1237 2694 tur,
1261 2658 1564 2702 promulgabantur,
1584 2663 1684 2699 idest

942 2700 1060 2740 populo
1078 2709 1130 2740 per
1148 2701 1375 2731 trinundinum
1406 2711 1502 2741 pior«
1495 2704 1684 2743 neba'mur,
1675 2720 1683 2726 ·

941 2744 965 2773 si
985 2743 1156 2783 placerent,
1171 2745 1377 2783 permittebat
1388 2745 1548 2785 populus;
1562 2749 1619 2779 sin
1623 2751 1689 2784 mi.-

943 2786 1014 2823 niis,
1024 2787 1149 2816 iutene
1155 2787 1260 2817 lebant
1274 2788 1358 2827 apud
1370 2789 1544 2857 populum'
1547 2792 1686 2848 ltibuni,

945 2833 983 2860 m}
1003 2835 1169 2860 teruntur.
1200 2848 1214 2856 -·
1321 2842 1347 2857 ι.
1484 2853 1496 2863 .
1531 2854 1597 2861 ....
1614 2847 1649 2861 ..-
1672 2841 1703 2862 ,ι

1617 2890 1687 2921 aut
