1872 3135
443 125 671 170 ORATIO
703 125 784 170 IV.

818 126 887 169 IN
918 125 969 169 L.
1002 123 1372 169 CATILINAM.

110 257 184 299 pro
219 240 407 298 imperio,
444 257 518 298 pro
553 240 751 293 exercitu,
789 256 862 297 pro
894 240 1107 296 provincia
1128 257 1255 298 quam
1277 239 1456 298 neglexi,
1477 256 1550 298 pro
1573 242 1648 285 tri-

110 300 271 355 umpho
292 299 532 357 caeterisque
564 299 696 341 laudis
734 298 985 356 insitrnibus,
1023 315 1118 356 quae
1139 311 1236 342 sunt
1257 300 1282 340 a
1302 314 1369 342 me
1392 309 1556 356 propter
1576 316 1647 342 ur-

109 357 175 400 bis
195 367 423 415 vestr-„eque
448 357 591 399 salutis
613 357 846 398 custodiam
867 357 1092 413 repudiata,
1116 372 1189 411 pro
1209 357 1409 400 clientelis
1431 357 1647 412 hospitiis·
1667 365 1720 403 65

107 429 190 472 que
225 415 563 469 provincialibus,
587 430 682 472 qur:
705 425 843 456 tamen
871 415 1040 457 urbanis
1061 415 1211 470 opibus
1229 431 1316 457 non
1334 416 1494 457 minore
1512 415 1651 458 labore

99 482 239 537 tueor,
264 488 393 530 quam
415 488 634 528 compir03
670 488 742 528 pro
772 473 835 513 his
872 472 996 529 igitur
1024 473 1222 514 omnibus
1249 474 1386 524 rebus,
1409 483 1448 515 et
1456 489 1543 539 ΜΡΝ.)
1565 490 1654 516 me-

106 528 143 572 is
176 530 220 572 in
255 546 327 572 vos
358 531 635 588 singularibus
667 530 828 580 studii,
857 545 1014 586 proque
1045 532 1138 582 hac,
1171 547 1298 588 quun
1320 531 1577 588 conspicitis,
1600 533 1650 574 ad

109 589 437 630 conservandam
475 588 780 644 rempublicam
808 587 1037 643 diligentia,
1079 587 1184 630 nihil
1219 589 1327 630 aliud
1356 592 1381 632 ἐι
1412 589 1545 642 vobis,
1570 590 1651 632 nisi

107 646 234 702 hujus
270 646 484 702 temporis,
525 646 736 701 totiusque.
775 644 856 684 mei
893 645 1137 686 consulatus
1175 647 1421 689 memoriam
1458 647 1647 703 postulo:
1669 658 1723 698 70

107 718 204 760 quae
225 704 325 746 dum
341 704 416 745 erit
432 703 574 745 vestris
596 701 808 743 mentibus
829 701 970 752 infixa,
993 702 1235 745 firmissimo
1252 719 1320 745 me
1343 720 1462 746 muro
1486 715 1651 761 septum

107 776 195 803 esse
215 761 454 804 arbitrabor.

518 759 645 803 Quod
669 759 702 800 si
732 773 868 800 mean]
898 774 1015 813 spem
1047 761 1106 801 vis
1143 761 1431 817 improborum
1465 761 1652 806 fefellerit

108 828 233 876 atque
262 817 524 873 superaverit,
558 817 811 858 commendo
845 817 963 858 vobis
999 833 1172 873 parvum
1206 834 1351 860 meum
1385 819 1548 872 filiu1n3
1582 822 1652 864 cui

107 876 293 932 profecto
321 875 417 917 satis
444 875 519 917 erit
552 874 731 929 praesidii
771 889 858 915 non
894 876 1032 918 solum
1071 876 1118 917 ad
1153 876 1503 928 5ὶ1υῖειημεωη]
1526 879 1651 921 etiam

107 935 157 976 ad
179 933 437 997 (lignitatem,
472 932 506 975 si
540 933 645 996 ejm,
685 931 757 990 qui
779 933 869 974 baec
891 933 1036 975 omnia
1054 950 1128 975 sto
1151 934 1261 976 solus
1284 935 1465 990 periculo
1484 951 1649 977 oonser—
1668 947 1719 986 75

107 991 276 1043 vaverit,
301 990 420 1033 illum
459 1005 545 1034 esse
579 990 715 1032 filium
751 990 1040 1034 memineritis.

1104 993 1202 1035 Qua
1206 1001 1369 1048 propter
1398 993 1447 1035 de
1482 1008 1633 1036 summ
1628 995 1653 1036 ’ἱ

105 1048 236 1091 salute
241 1052 403 1101 vestra,
425 1048 653 1114 populique
686 1049 886 1101 Romani,
926 1050 971 1091 P.
999 1049 1053 1092 C.
1084 1050 1133 1090 de
1168 1050 1311 1092 vestris
1335 1051 1581 1114 conjugibis
1600 1067 1648 1094 ac

105 1106 275 1149 liberis·
264 1139 276 1159 ,
310 1107 359 1148 de
379 1123 457 1149 arls
479 1123 527 1149 ao
550 1106 682 1164 focis3

716 1105 766 1147 de
786 1105 892 1149 fanis
916 1123 962 1149 ac
985 1107 1180 1163 templis·
1169 1141 1181 1160 ‚
1215 1108 1264 1150 de
1285 1108 1410 1150 totius
1433 1109 1544 1151 urbis
1563 1119 1649 1151 tec-

104 1164 158 1209 tis
190 1180 238 1206 ac
271 1166 462 1217 sedibus;
497 1166 570 1206 de
577 1165 769 1220 imper'm,
807 1165 856 1206 de
886 1165 1087 1230 libertate,
1120 1167 1170 1208 de
1196 1166 1325 1208 salute
1349 1166 1495 1219 Italiae‚
1520 1168 1653 1224 deque

105 1223 299 1266 universa
315 1239 399 1280 rep.
421 1223 628 1265 decernite
648 1222 877 1280 diligenter,
901 1234 946 1265 ut
968 1224 1219 1276 instituistis,
1243 1240 1291 1266 ac
1322 1223 1491 1266 fortiter

103 1280 212 1324 betis
241 1281 354 1325 enim
384 1280 617 1333 consulem,
642 1281 714 1338 qui
735 1289 775 1322 et
794 1296 932 1336 parere
955 1281 1095 1324 vestris
1112 1282 1283 1324 decretis
1305 1298 1390 1324 non
1412 1283 1588 1335 dubitet,
1611 1292 1650 1325 et

104 1353 154 1381 ea
173 1355 271 1396 quae
291 1339 527 1393 statuentis,
550 1340 687 1397 quoad
709 1340 832 1394 vivet,
852 1340 1082 1394 defendere,
1105 1349 1145 1382 et
1165 1356 1235 1397 per
1249 1356 1290 1382 se
1304 1341 1443 1398 ipsum
1459 1353 1652 1398 praestare

109 1397 253 1454 possit.

151 1531 202 1562 63.
220 1532 284 1564 Pro
295 1532 448 1575 imperia]
473 1531 667 1570 Consulibus
679 1532 857 1576 provinciae

105 1576 370 1608 administranda:
405 1577 674 1614 decernebantur,
696 1578 859 1610 dabantur

106 1621 276 1657 exercitus,
295 1629 326 1652 et
343 1632 378 1652 re
394 1621 475 1652 beni*
494 1623 582 1664 gesti
603 1623 787 1664 triumphus
803 1624 858 1654 de·

105 1665 310 1701 cernebatur,
326 1677 390 1707 quo
411 1666 492 1696 nihil
514 1667 600 1708 apud
625 1668 792 1698 Romanos
815 1668 856 1699 ad

103 1709 246 1752 gloriam
258 1710 320 1741 suit
332 1710 499 1742 illustrius.

149 1755 201 1785 65.
230 1755 289 1785 Pro
301 1754 454 1785 clientelis
463 1755 475 1798 ]
501 1753 644 1787 Clientes
664 1754 856 1787 dicebantur

105 1798 162 1850 qui
172 1806 333 1842 -patronos
348 1798 569 1837 honorabant3
594 1810 669 1830 narn
683 1800 855 1836 Romulus.

107 1854 181 1875 cum
210 1851 318 1885 patres
349 1844 555 1886 plebeiosque
583 1844 787 1882 decrevisset,
816 1856 857 1876 ne

106 1899 171 1930 qua
184 1887 333 1919 intereos
348 1897 427 1920 esset
441 1889 571 1920 diesen
564 1901 606 1925 ιο,
621 1889 768 1930 permisit
788 1890 858 1920 uni-

106 1932 224 1974 cuique
252 1933 390 1974 plebei0‚
425 1941 460 1965 ut
483 1935 709 1976 quemcunque
727 1936 743 1964 e
757 1934 858 1976 patri-

106 1977 168 2008 bus
204 1976 315 2015 vellet,
337 1986 512 2019 patronum
540 1978 601 2009 sibi
631 1986 856 2019 compararet·

105 2021 192 2053 hunc
209 2030 330 2059 autem,
345 2021 476 2054 honoris
492 2026 595 2059 causa,
609 2023 707 2054 domo
718 2023 856 2055 deduce-

106 2065 211 2098 bant
204 2077 235 2097 in
259 2068 425 2106 Senatum,
454 2068 517 2099 &c.
562 2067 648 2100 Vide
671 2068 855 2110 Sigonium,

107 2109 165 2143 lib.
186 2113 211 2141 1.
229 2122 296 2153 cap.
313 2112 343 2142 7.

148 2155 202 2195 lb
225 2155 705 2201 Hospitiisqzeeprouincialibus]
730 2157 856 2202 Hospi-

901 1532 950 1565 tia
974 1533 1079 1566 multa
1103 1533 1162 1566 sibi
1187 1533 1220 1566 in
1245 1533 1413 1578 provincia
1429 1534 1546 1567 Siciliae
1563 1544 1654 1566 com-

903 1579 1031 1621 paravit
1050 1578 1175 1611 Cicero

948 1623 1001 1654 ''l-3.
1027 1622 1135 1654 Meum
1147 1624 1273 1664 filium.
1268 1624 1279 1656 Ἰ
1307 1624 1361 1654 M.
1379 1623 1571 1655 Ciceronem
1589 1622 1654 1656 fili-

900 1677 957 1699 um
975 1668 1104 1699 Senatui
1123 1668 1341 1707 commendat,
1356 1669 1406 1699 cui
1423 1669 1533 1710 postea
1551 1669 1653 1711 scrip-

900 1712 941 1743 sit
956 1712 1055 1744 libros
1065 1713 1104 1744 de
1121 1711 1203 1744 Offic
1209 1714 1256 1749 iis,
1272 1723 1303 1744 et
1320 1713 1375 1754 qui
1393 1712 1539 1755 legitima
1555 1719 1653 1745 aetate

902 1756 1027 1799 collega
1040 1758 1170 1788 Octavii
1183 1757 1327 1800 Augusti
1342 1757 1498 1788 Caesaris
1490 1768 1521 1788 in
1536 1768 1653 1790 consu-

902 1801 970 1832 latu
987 1802 1127 1833 Antonii
1143 1810 1264 1833 statuas
1277 1802 1407 1844 dejecit,
1421 1802 1477 1843 qui
1495 1801 1651 1834 interfici·

901 1846 1023 1877 endum
1042 1846 1233 1878 Ciceronem
1251 1855 1377 1888 patrem
1392 1855 1571 1877 curaverat.

947 1892 999 1921 Sl.
1027 1892 1142 1922 Parere
1160 1892 1265 1922 vestris
1287 1890 1435 1933 decretis]
1476 1891 1653 1924 Pollicetur

902 1946 934 1966 se
950 1936 1252 1978 obtemperaturum
1268 1946 1334 1967 esse
1351 1935 1486 1967 Senatsis
1501 1936 1651 1975 decretis,

902 1980 926 2011 si
940 1980 1021 2012 velit
1039 1982 1224 2023 conjuratos
1240 1990 1346 2014 morte
1362 1980 1506 2012 multari.

947 2026 998 2055 812.
1030 2026 1090 2056 Per
1109 2037 1139 2056 se
1156 2026 1250 2067 ipsum
1272 2024 1441 2066 pra-stares!
1476 2023 1653 2057 Pollicetur

902 2069 1022 2100 iterum
1040 2081 1070 2101 se
1082 2076 1202 2102 statuta
1214 2069 1232 2100 ἰὶ
1245 2070 1450 2107 Senatu‚sine
1461 2070 1651 2113 cujusquam

902 2114 1035 2147 alterius
1050 2126 1111 2160 ope
1128 2113 1146 2147 ὲ
1163 2114 1308 2159 periculo
1320 2115 1555 2158 praestiturum.

1512 2903 1651 2951 PRO-

1608 130 1722 174 '141

1554 1227 1646 1267 Ha-
1668 1239 1722 1274 so
