1872 3140
672 119 754 180 Dr.
784 135 1089 178 AMicrrrA.
1174 134 1181 165 1
1637 143 1716 187 539

108 248 359 303 'Tuber-one,
395 251 706 309 aequalibusque
736 250 882 292 amicis
917 249 1155 293 derelictum
1191 249 1445 291 videbamus.
1508 250 1568 290 At
1589 248 1644 292 C.

125 311 287 354 Blosius
309 310 542 361 Cumanus,
566 311 712 364 hospes
750 308 917 355 familite
952 318 1109 357 vestr-ae,
1132 307 1332 358 Scaevola,
1354 308 1455 348 cum
1491 306 1539 347 ad
1561 322 1644 359 mc,

125 368 197 424 qui
217 366 379 409 aderam
400 368 560 408 Laenati
584 378 620 408 et
656 366 822 421 Rupilio
860 363 1113 407 Consulibus
1149 364 1191 405 in
1227 363 1416 414 consilio,
1452 363 1646 419 depreca-

128 433 217 466 tum
250 424 439 476 venisset,
478 426 600 476 lianc,
623 434 668 465 ut
703 423 778 464 sibi
812 423 1081 479 ignoscerem,
1105 435 1273 462 causam
1294 421 1498 468 afferebat,
1535 421 1646 476 quud

126 480 227 523 tanti
264 481 358 524 Tib.
394 483 634 524 Gracchum
670 480 843 529 fecisset,
866 490 926 530 ut,
960 479 1157 535 quidquid
1195 479 1259 519 illc
1291 479 1422 529 vellet,
1447 478 1522 520 sibi
1546 478 1647 519 faci-
1673 491 1720 523 10

125 538 276 581 endum
298 548 469 594 putaret.
529 540 651 582 Tum
674 553 765 595 ego,
802 538 1008 588 Etiamne,
1045 536 1077 577 si
1111 546 1146 577 tc
1179 537 1220 577 in
1256 536 1509 591 Capitolium
1542 536 1648 577 faces

126 595 224 638 ferre
258 596 405 640 vellet?
459 598 710 652 Nunquam,
744 594 894 651 inquit,
933 593 1128 635 voluisset
1165 593 1203 634 id
1240 594 1424 650 quidem.
1498 594 1576 635 Sed
1616 593 1649 636 si

127 654 347 696 voluisset?
385 654 628 696 paruissem.
693 653 849 694 Videtis
882 652 1008 709 quam
1036 650 1199 692 ‘nefaria
1221 667 1326 702 vox3
1361 661 1400 692 et
1435 649 1570 692 hercle
1594 651 1650 693 ita

128 712 235 763 feeit,
253 711 313 754 vel
335 711 426 767 plus
441 711 564 753 etiam
586 712 712 767 quam
735 710 864 762 dix‘itg
899 725 984 751 nou
1015 710 1127 750 enim
1149 709 1282 764 paruit
1304 709 1369 749 ille
1389 708 1486 750 Tib.
1513 710 1646 760 Grac-

127 768 188 810 clii
212 769 443 821 temeritati,
465 769 531 810 sed
555 768 714 824 praefuit
735 782 744 810 ε
778 783 853 810 nec
875 783 915 808 se
947 767 1144 808 comitem
1166 766 1274 808 illius
1294 766 1455 818 furoris,
1479 767 1546 808 sed
1569 768 1646 808 du-
1673 777 1719 811 15

128 841 214 868 oem
248 826 437 882 praebuit.
499 828 644 883 Itaque
666 827 743 867 hac
773 824 970 876 amentia,
1003 823 1232 880 quaestione
1264 828 1372 866 novfr
1391 823 1646 879 perterritus,

126 883 163 926 in
183 885 331 926 Asiam
353 883 548 941 profugit,
585 885 633 925 ad
670 884 807 925 hostes
840 898 880 924 se
901 882 1090 934 contulit,
1115 897 1259 938 poenas
1282 881 1378 937 reip.
1399 882 1647 939 rgrewesjus-

125 950 262 999 usque
280 942 486 997 persolvit.
538 941 670 983 Nulla
689 952 746 982 est
766 940 889 997 igitur
904 940 1114 982 excusatio
1145 939 1317 994 pcccati,
1335 940 1367 981 si
1387 939 1511 980 amici
1526 943 1651 982 causz'i

130 998 350 1057 peccaveris
369 1016 382 1051 3
413 1014 508 1041 nam
534 1000 633 1042 cum
660 998 917 1040 conciliatrix
939 997 1134 1039 amicitiae
1164 996 1323 1039 virtutis
1345 997 1486 1053 opinio
1508 996 1644 1049 fuerit,

127 1057 282 1100 difficile
316 1067 379 1098 est
414 1056 642 1099 amicitiam
683 1072 863 1107 manere,
903 1056 936 1097 si
971 1058 996 1098 a
1017 1055 1161 1097 virtute
1196 1055 1402 1097 defeceris.
1465 1055 1592 1098 Quod
1615 1055 1648 1097 si
1669 1067 1722 1100 §.²0

127 1126 278 1158 tectum
314 1115 591 1165 statuerimus,
631 1114 691 1155 vel
732 1114 954 1155 concedere
986 1113 1132 1154 amicis
1167 1113 1367 1170 quidquid
1406 1112 1546 1163 velint,
1586 1112 1649 1155 vel

126 1171 333 1228 impetrare
353 1172 403 1214 ab
440 1172 487 1213 iis
521 1172 720 1228 quidquid
755 1172 942 1222 velimus,
967 1169 1146 1226 perfecta
1166 1170 1331 1226 quidem
1357 1170 1558 1226 sapientia
1577 1186 1647 1212 su-

123 1243 229 1282 mus,
267 1230 300 1270 si
322 1229 429 1271 nihil
465 1230 613 1271 habeat
651 1244 710 1270 res
749 1229 860 1270 vitii:
895 1229 962 1270 sed
995 1227 1207 1284 loquimur
1238 1229 1288 1269 de
1311 1228 1359 1270 iis
1395 1227 1554 1284 amicis,
1578 1229 1650 1285 qui

118 1297 213 1328 ante
232 1287 374 1329 oculos
406 1298 516 1339 sunt,
559 1302 661 1344 quos
683 1287 883 1338 videmus,
921 1297 990 1328 aut
1019 1286 1070 1327 de
1091 1287 1242 1343 quibus
1262 1287 1507 1328 memoriam
1531 1301 1649 1327 acce-

116 1345 271 1400 pimus,
310 1355 380 1387 aut
415 1360 518 1401 quos
556 1346 671 1386 novit
702 1345 782 1386 vita
813 1344 1100 1397 communis;‚
1131 1358 1179 1384 ex
1211 1345 1291 1384 boc
1322 1358 1496 1385 numero
1527 1343 1648 1385 nobis
1669 1356 1720 1389 25

108 1403 304 1459 'exempla
320 1404 523 1444 sumenda
542 1414 651 1453 sunt,
675 1412 715 1444 ct
745 1418 887 1443 corum
922 1401 1089 1458 quidem
1112 1401 1314 1453 maxime,
1355 1401 1426 1458 qui
1463 1401 1511 1442 ad
1535 1402 1646 1457 sapi-

116 1461 275 1503 entiam
295 1461 484 1517 proxime
507 1461 717 1502 accedunt.
778 1460 982 1500 Videmus
1016 1460 1174 1515 Papum
1206 1459 1432 1501 AEmil'mm
1455 1460 1506 1501 C.
1536 1461 1648 1501 Lus-

114 1517 211 1560 cino
229 1518 474 1560 familiarem
505 1518 628 1560 fuisse
667 1517 743 1573 (sic
780 1520 805 1565 a
840 1516 1022 1573 patribus
1042 1518 1296 1572 accepimus)
1334 1516 1396 1558 bis
1419 1519 1503 1559 uuit
1525 1517 1646 1559 Con-

111 1575 238 1628 sules,
272 1588 312 1619 et
341 1576 515 1633 collegas
552 1577 594 1618 in
630 1578 830 1617 censura:
866 1586 956 1616 tum
993 1583 1032 1615 et
1067 1582 1172 1616 cum'
1203 1574 1267 1627 iis,
1291 1584 1331 1616 et
1352 1575 1455 1616 iuter
1476 1589 1518 1615 se
1540 1590 1645 1617 con-

106 1633 396 1695 junctissimos
429 1632 569 1685 fuisse,
596 1635 658 1675 M.
683 1634 878 1684 Curium,
916 1642 956 1673 et
989 1633 1037 1673 Τ.
1073 1631 1407 1683 Coruncanium,
1430 1632 1645 1675 memoriae
1665 1642 1720 1678 30

112 1692 322 1746 proditum
345 1701 431 1744 cst3
465 1690 590 1749 igitur
625 1706 676 1732 ne
702 1690 899 1746 suspicari
921 1689 1088 1746 quidem
1117 1705 1357 1746 possumus,
1389 1705 1644 1747 quemquam

111 1749 271 1802 horum
285 1750 337 1791 ab
359 1748 494 1792 amico
517 1748 730 1807 quippiam
750 1747 1028 1799 contendisse,
1052 1749 1162 1804 quod
1179 1757 1323 1790 contra
1341 1748 1482 1798 fidem,
1501 1761 1647 1791 contra

105 1807 419 1864 jusjurandum,
443 1820 586 1849 contra
607 1822 736 1862 remp.
760 1816 863 1848 esset
876 1823 888 1858 3
922 1820 1021 1847 nam
1040 1807 1119 1847 hoc
1140 1806 1311 1862 quidem
1325 1807 1366 1847 in
1386 1805 1534 1847 talibus
1548 1806 1646 1849 viris

112 1865 212 1921 quid
234 1865 379 1907 attinet
393 1866 524 1906 dicere
543 1867 556 1906 ?
593 1865 625 1906 si
643 1863 1039 1915 contendisser‚'sc'10
1055 1864 1368 1919 impetraturum
1387 1879 1473 1905 non
1493 1863 1642 1917 fuisse3

111 1925 213 1964 cum
246 1923 304 1965 illi
340 1922 589 1965 sanctissimi
621 1922 696 1963 viri
731 1921 908 1962 fuerint:
944 1923 1061 1976 aequc
1087 1932 1225 1962 autem
1245 1921 1357 1962 nefas
1380 1921 1445 1973 sit,
1469 1921 1546 1962 tale
1567 1922 1643 1964 ali·
1665 1932 1718 1966 35

113 1980 213 2037 quid
247 1991 286 2022 et
321 1980 452 2022 facere
484 1990 689 2037 rogatum,
712 1990 751 2020 ct
780 1993 932 2036 rogare.
994 1980 1055 2020 At
1077 1982 1170 2021 vero
1188 1978 1279 2022 Tib.
1312 1980 1555 2021 Gracchum
1581 1995 1648 2021 se«

109 2037 343 2094 quebantur
364 2038 413 2080 C.
438 2037 593 2089 Carbo,
617 2039 670 2079 C.
695 2037 817 2089 Cato,
840 2051 879 2078 et
895 2035 1097 2078 minimus
1118 2046 1208 2078 tum
1227 2035 1396 2094 quidem
1420 2037 1548 2079 Caius
1568 2037 1647 2079 fra-

109 2106 187 2147 ter,-
206 2111 320 2137 nunc
341 2096 450 2137 idem
467 2096 704 2137 acerrimus,

166 2154 269 2196 XII.
292 2155 401 2195 Haec
433 2152 556 2210 igitur
588 2153 649 2194 lex
683 2152 726 2194 in
758 2150 944 2194 amicitia
981 2152 1202 2204 sanciatur,
1226 2161 1271 2194 ut
1299 2167 1432 2210 neque
1453 2167 1645 2210 rogemus

108 2225 170 2252 res
209 2219 363 2266 turpes,
401 2226 475 2252 nec
511 2211 711 2252 faciamus
749 2211 904 2266 rogati3
940 2210 1069 2266 turpis
1105 2211 1219 2252 enim
1253 2208 1461 2253 excfisatio
1497 2221 1574 2261 cst,
1606 2221 1646 2252 et

110 2267 288 2310 minime
320 2269 573 2324 accipienda,
597 2271 695 2310 cum
729 2267 772 2308 in
805 2268 964 2309 caeteris
996 2267 1191 2324 peccatis,
1214 2278 1305 2310 tum
1335 2268 1367 2310 si
1390 2269 1481 2326 quis
1503 2281 1646 2310 contra

109 2341 240 2382 remp.
266 2340 307 2366 se
328 2326 453 2367 amici
484 2329 608 2368 causa
642 2325 785 2367 fecisse
821 2325 1007 2367 fateatur.
1069 2326 1235 2367 Etenim
1270 2342 1318 2367 eo
1349 2326 1470 2379 loco‚-
1492 2325 1641 2378 Fauni,

107 2397 148 2426 et
168 2383 369 2435 Seaevola,
402 2383 524 2425 locati
557 2398 716 2435 sumus,
752 2392 796 2424 ut
827 2397 902 2424 uos
937 2383 1060 2441 longe
1095 2383 1323 2439 prospicere
1353 2393 1539 2440 oporteat
1574 2383 1640 2425 fu-
1691 2392 1716 2427 5

107 2450 222 2482 turos
254 2456 371 2483 casus
401 2440 500 2496 reip.
532 2441 696 2483 deflexit
727 2441 837 2482 enim
856 2442 943 2498 jam
965 2440 1271 2498 aliquantulum
1303 2443 1352 2483 de
1384 2441 1514 2497 spatio
1547 2456 1641 2482 cur-

109 2498 320 2554 riculoque
351 2498 604 2540 consuetudo
635 2498 857 2555 majorum.
930 2499 1021 2541 Tib.
1057 2501 1274 2541 Gracchus
1304 2514 1481 2556 regnum
1511 2515 1640 2540 ocen-

108 2571 203 2612 pare
234 2566 406 2598 conatus
438 2566 513 2607 est,
537 2555 597 2597 vel
634 2556 815 2613 regnavit
836 2557 868 2598 is
891 2557 1059 2613 quidem
1093 2572 1245 2612 paucos
1278 2572 1456 2598 menses.
1518 2558 1640 2599 Num

105 2614 205 2670 quid
227 2613 360 2655 simile
380 2629 472 2670 pop.
497 2615 543 2656 R.
567 2614 762 2665 audierat,
786 2623 855 2655 aut
877 2615 1029 2655 viderat
1048 2616 1060 2656 ἒ
1101 2616 1228 2655 Hunc
1249 2614 1372 2655 etiam
1397 2626 1487 2668 post
1506 2613 1638 2655 ''mor-

107 2680 193 2712 tem
213 2671 342 2713 secuti
371 2671 496 2714 amici
531 2683 570 2713 et
604 2671 840 2728 propinqui,
873 2671 971 2728 quid
1005 2672 1045 2713 in
1085 2673 1126 2713 P.
1159 2671 1359 2713 Nasicam
1397 2670 1637 2728 Scipionem
1666 2682 1714 2715 lo

105 2729 329 2780 effecerint,
351 2729 438 2770 sine
472 2729 663 2785 lacrymis
693 2744 780 2770 non
812 2744 918 2785 queo
939 2729 1102 2780 dicere;
1135 2744 1234 2770 nam
1268 2729 1506 2770 Carbonem
1530 2744 1637 2785 quo-

106 2787 337 2844 quomodo
358 2787 585 2843 potuimus,
609 2797 771 2843 propter
792 2797 995 2829 recentem
1016 2801 1186 2842 poenam
1208 2786 1301 2827 Tib.
1321 2787 1520 2838 Gracchi,
1545 2801 1636 2827 sus-

107 2843 320 2888 tinuimus
378 2845 446 2888 De
467 2844 520 2888 C.
542 2843 724 2888 Gracchi
744 2855 883 2887 autem
902 2844 1150 2895 Tribunatu,
1167 2843 1278 2900 quod
1298 2854 1528 2900 expectem,
1541 2859 1638 2942 lnon

1557 2901 1638 2944 ibet
