1918 3088
559 152 788 198 ORATIO
820 152 889 196 IN
920 152 974 195 L.
1009 148 1294 194 PISONEM.
1705 149 1785 190 295

161 274 312 316 fuoisse
345 279 475 314 noctu
511 269 769 326 crepidatum
801 268 1093 325 imperatorem
1126 265 1446 330 indicaverunt3
1478 259 1538 304 illi
1574 268 1715 304 autem

160 314 339 375 atzi'tuam
360 329 478 372 istius
496 327 766 385 persimilem,
784 343 911 385 quam
930 336 1032 368 stare
1046 323 1323 368 celeberrimo
1337 338 1382 365 m
1398 322 1490 385 loco
1510 319 1712 385 voluerat,

159 405 211 433 ne
227 386 462 431 suavissimi
500 385 689 428 hominis
721 385 926 428 memoria
962 393 1206 434 moreretur,
1243 381 1480 433 deturbant,
1504 378 1713 443 affligunt,

160 445 477 496 comminuunt,
501 443 729 501 dissipant3
765 443 822 485 sic
844 443 1006 494 odium,
1031 441 1141 498 quod
1163 439 1206 483 in
1228 439 1370 497 ipsum
1401 437 1638 491 attulerant,
1671 439 1713 482 id

162 505 206 548 in
228 506 316 563 ejus
337 501 567 562 imaginem
587 517 635 546 ae
657 501 932 544 simulacrum
952 500 1232 557 profuderunt.
1733 497 1786 536 55

764 671 1118 717 PERORATIO.
1140 738 1143 742 x

161 803 354 843 Peroratio
367 803 555 852 coificitzcr
569 801 667 839 brevi
684 801 948 838 enumeratione
963 812 1081 836 eorum
1103 798 1258 835 omnium
1278 809 1355 849 quoe
1362 808 1431 848 per
1450 806 1560 836 totam
1579 802 1719 836 oratio-

774 866 850 890 nem
869 865 996 904 sparsa
1015 860 1108 889 sunt.

220 977 348 1020 XVI.
371 976 484 1019 Quae
519 975 620 1017 cum
658 973 714 1016 ita
746 973 844 1026 sint,
881 987 968 1014 non
999 970 1162 1023 dubito,
1196 971 1315 1028 quin,
1350 976 1453 1015 cum
1489 972 1599 1024 haec,
1622 987 1718 1029 quae

164 1035 387 1086 excellunt,
410 1049 480 1075 me
501 1035 623 1074 nosse
659 1033 813 1084 videas,
847 1046 936 1072 non
957 1029 1189 1082 existimes,
1212 1029 1396 1072 mediam
1418 1029 1533 1072 illam
1556 1041 1719 1086 partem

163 1105 204 1137 et
235 1093 399 1136 turbam
443 1091 696 1148 flagitiorum
731 1101 901 1132 tuorum
933 1088 1039 1130 mihi
1071 1103 1158 1129 esse
1198 1087 1458 1141 inauditani3
1494 1088 1600 1130 nihil
1639 1098 1717 1141 est,

164 1151 277 1210 quod
299 1166 368 1193 me
389 1152 549 1192 hortere
567 1166 580 1202 3
614 1148 719 1191 nihil
741 1159 816 1201 est,
841 1147 950 1205 quod
976 1146 1122 1188 invites
1141 1163 1153 1199 3
1188 1146 1402 1189 admoneri
1423 1162 1491 1189 me
1508 1147 1604 1189 satis
1627 1157 1716 1201 est3

162 1208 409 1261 admonebit
454 1219 593 1251 autem
640 1222 767 1259 nemo
811 1206 930 1256 alius,
958 1205 1059 1247 ³nisi
1102 1204 1342 1261 reipublicae
1373 1214 1564 1262 tempus:
1607 1208 1765 1263 quod5

161 1268 270 1311 mihi
291 1267 462 1325 quidem
484 1267 618 1324 magis
639 1265 815 1318 videtur,
847 1266 993 1322 'quam-
1011 1273 1058 1305 tu
1088 1265 1277 1320 unquam
1298 1263 1533 1316 arbitratus,
1571 1279 1723 1321 appro-

164 1325 382 1384 pinquare.
443 1325 607 1382 Ecquid
632 1324 759 1378 vides,
783 1323 932 1381 ecquid
953 1321 1080 1364 sentis
1116 1321 1204 1380 lege
1231 1321 1456 1379 judiciaria
1476 1323 1574 1374 lata,
1615 1339 1722 1381 quos

164 1386 339 1441 posthac
364 1383 529 1441 judices
567 1383 696 1425 simus
717 1381 928 1425 habituri?
964 1396 1050 1422 non
1073 1381 1193 1438 teque
1214 1380 1397 1438 legetur3
1431 1379 1622 1438 quisquis
1643 1397 1720 1424 vo-

167 1443 318 1494 luerit,
366 1457 460 1493 nec,
494 1441 681 1498 quisquis
712 1439 907 1491 noluerit,
939 1455 1027 1481 non
1058 1438 1241 1496 legetur3
1286 1438 1392 1481 nulli
1442 1438 1724 1497 conjicientur

167 1502 212 1545 in
243 1500 364 1543 illum
395 1498 604 1552 ordinem,
636 1498 740 1540 nulli
773 1498 1034 1541 eximentur:
1084 1512 1171 1539 non
1212 1496 1388 1539 ambitio
1435 1498 1484 1540 ad
1527 1498 1720 1556 gratiam,
1747 1503 1798 1537 10

165 1574 255 1601 non
287 1557 486 1616 iniquitas
532 1558 582 1600 ad
625 1556 936 1603 simulationem
978 1554 1251 1613 conjicietur;
1278 1555 1444 1614 judices
1466 1555 1725 1614 judicabunt

167 1617 213 1669 ii,
258 1632 362 1675 quos
395 1616 459 1658 lex
491 1616 595 1672 ipsa,
628 1631 714 1657 non
747 1631 851 1673 quos
884 1615 1111 1656 hominum
1149 1613 1279 1655 libido
1320 1613 1529 1671 delegerit.
1592 1615 1723 1659 Quod

169 1678 272 1723 cum
303 1675 359 1716 ita
389 1673 458 1725 sit,
491 1673 598 1715 mihi
631 1674 765 1726 crede,
796 1673 1012 1715 neminem
1050 1671 1205 1714 invitus
1251 1671 1470 1716 invitabis:
1522 1688 1584 1715 res
1615 1673 1722 1729 ipsa,

165 1743 207 1776 et
247 1731 488 1788 reipublicae
531 1741 696 1787 tempus
742 1741 812 1780 aut
843 1746 912 1773 me
955 1730 1110 1787 ipsum,
1144 1731 1256 1787 quod
1299 1730 1449 1783 nolim,
1483 1741 1554 1774 aut
1595 1732 1726 1776 alium

170 1790 434 1850 quempiam,
459 1798 529 1832 aut
550 1789 757 1842 invitabit,
794 1799 864 1832 aut
898 1789 1200 1831 dehortabitur.
1261 1788 1489 1845 Equidem,
1522 1802 1568 1834 ut
1599 1791 1724 1846 paule)
1749 1793 1798 1828 15

167 1851 266 1893 ante
305 1849 407 1901 dixi,
454 1863 542 1890 non
586 1848 728 1891 eadem
774 1847 979 1905 supplicia
1021 1862 1111 1888 esse
1156 1846 1200 1888 in
1231 1845 1479 1889 hominibus
1510 1848 1721 1902 existimo,

168 1915 263 1966 quae
296 1906 468 1949 fortasse
501 1907 701 1965 plerique,
734 1906 1042 1958 damnationes,
1086 1903 1364 1962 expulsione5‚
1398 1921 1549 1949 neces:
1599 1907 1720 1950 deni-

214 2057 245 2088 3.
262 2056 356 2087 Nihil
373 2061 429 2094 est,
442 2057 523 2098 quod
535 2067 580 2087 me
605 2056 744 2096 hortere]
771 2057 924 2089 Ostendit
970 2064 1006 2089 ut
1022 2067 1120 2089 nemo
1139 2066 1247 2101 posset
1271 2069 1302 2090 se
1326 2059 1467 2091 eximere
1485 2062 1500 2089 εἰ
1516 2060 1652 2102 judicio,
1667 2071 1726 2093 nec

172 2100 288 2132 Cicero
305 2100 387 2133 nihil
399 2112 478 2139 esse,
490 2101 577 2143 quod
595 2103 667 2134 Piso
677 2113 752 2133 eum
765 2101 927 2139 hortetur,
969 2113 1027 2146 per
1044 2102 1197 2145 gratiam,
1213 2111 1268 2135 aut
1285 2104 1431 2136 fraudem
1449 2116 1480 2136 se
1497 2105 1688 2137 immittere.

171 2153 208 2178 ut
223 2145 290 2188 ipsi
301 2145 392 2177 litem
409 2146 568 2178 intendat.
616 2146 773 2179 Nondum
795 2154 926 2189 tempus
1020 2148 1126 2178 11.Acl
1135 2148 1353 2179 simulationem
1361 2150 1559 2189 conjicietur]
1570 2151 1727 2183 Transla-

169 2201 248 2229 esse,
263 2191 349 2232 quia,
378 2191 513 2222 fortasse
542 2193 568 2222 C
581 2202 648 2223 esar
671 2191 810 2223 offensus
834 2200 928 2229 esset,
972 2200 1042 2224 turn
1056 2191 1096 2223 ab
1113 2203 1151 2223 eo
1167 2203 1257 2225 more
1275 2204 1340 2235 quo
1352 2193 1427 2225 lecti
1441 2205 1498 2236 per
1510 2196 1725 2237 gratiam,aut

170 2235 226 2278 qui
242 2245 328 2267 nunc
343 2235 542 2279 gravissimis
558 2235 651 2269 bellis
667 2236 700 2268 in
718 2236 826 2268 Gallia
843 2236 926 2269 deti·
971 2236 1144 2279 probitatis
1160 2237 1400 2270 simulationem
1425 2239 1550 2281 judices
1574 2241 1726 2283 conjicie-

172 2279 320 2313 nebatur.
971 2282 1091 2313 bantur
1103 2282 1134 2312 in
1147 2292 1333 2319 numerum,
1346 2283 1379 2314 id
1392 2291 1449 2321 est,
1463 2284 1726 2323 decuriabantur3

216 2325 248 2355 ’7.
267 2323 549 2366 Δεξε]ιιιῖι”ςὶανίἆ.]
576 2325 699 2363 Legem
720 2325 928 2367 judiciariam
973 2337 1072 2368 quare
1100 2326 1204 2358 aberit
1231 2326 1249 2358 a
1270 2328 1399 2370 judieiis
1418 2328 1522 2360 onmis
1538 2329 1638 2367 fraus,
1654 2341 1724 2371 quae

171 2375 247 2400 ante
263 2368 387 2411 aliquot
403 2369 642 2412 anno<‚quibus
654 2369 857 2413 temporibus
874 2382 928 2402 ac·
973 2371 1077 2413 specie
1093 2371 1266 2413 probitatis
1283 2380 1315 2404 et
1340 2372 1476 2414 justitiae
1501 2375 1728 2406 committeba-

170 2420 299 2444 cusatus
314 2421 362 2444 est
378 2413 486 2446 Verres
503 2419 519 2445 a
538 2414 707 2454 Cicerone,
724 2415 801 2447 tulit
816 2417 926 2447 Aure·
972 2424 1037 2448 tur.

173 2457 236 2488 lius
252 2456 349 2489 Cotta
371 2459 506 2497 Praetor,
519 2460 581 2501 qui
596 2460 836 2492 communicata
853 2468 928 2492 sunt
1021 2461 1068 2492 13.
1083 2461 1198 2492 Invitus
1217 2461 1383 2503 invitabis]
1398 2463 1431 2493 Id
1448 2462 1539 2501 dicit,
1555 2462 1628 2502 quia
1644 2463 1729 2501 Piso,

170 2500 292 2544 judicia
305 2503 447 2540 Senatui,
461 2510 494 2534 et
508 2503 674 2546 equitibus
685 2506 784 2536 Rom.
801 2513 833 2536 et
849 2505 911 2536 Tri
923 2520 929 2531 1-
973 2515 1160 2548 quanquam
1171 2505 1305 2544 invitm,
1317 2507 1508 2539 Ciceronem
1521 2507 1680 2540 invitabat
1693 2517 1730 2541 ut

175 2546 271 2577 bunis
287 2546 424 2585 aerariis3
447 2558 552 2580 rursus
566 2548 681 2580 deinde
699 2549 870 2592 Pompeius
893 2549 928 2581 in
974 2551 1003 2581 ei
1020 2549 1110 2582 litem
1127 2550 1323 2583 intenderet.

176 2590 355 2622 Consulatu
378 2592 530 2630 secundo,
544 2603 609 2635 quo
632 2593 701 2625 haec
716 2594 829 2630 Oratio
842 2594 930 2625 dicta
1022 2596 1070 2626 14.
1088 2595 1303 2638 Quoduola‘m]
1319 2596 1431 2628 Cicero
1448 2607 1512 2627 non
1538 2595 1608 2628 vult
1624 2597 1731 2629 inten-

174 2646 234 2673 εει,
260 2634 490 2678 promulgavit,
504 2644 540 2668 ut
565 2637 763 2680 amplissimo
780 2650 818 2671 ex
834 2650 930 2671 censu
973 2638 1051 2670 dere
1079 2640 1190 2671 Pisoni
1220 2640 1325 2678 litem,
1350 2653 1390 2672 ne
1416 2640 1536 2673 stari
1551 2641 1732 2685 displiceat,

175 2692 215 2712 ex
231 2680 385 2712 centuriis
402 2679 507 2718 aliter,
523 2684 619 2723 quam
634 2682 728 2714 antea
744 2682 820 2715 lecti
841 2684 930 2725 judi·
974 2684 1051 2726 quia
1067 2696 1157 2716 socer
1173 2685 1241 2726 ejus
1253 2695 1321 2716 erat
1338 2686 1425 2717 Piso,

178 2736 243 2763 ces,
257 2726 349 2767 aequf:
374 2733 483 2756 tamen
498 2736 536 2757 ex
554 2725 616 2757 illis
643 2727 745 2759 tribus
766 2728 929 2760 ordinibus
1028 2730 1076 2759 17.
1097 2731 1176 2761 2211ae
1188 2731 1322 2768 sortasse'
1347 2729 1508 2772 plerique]
1537 2729 1736 2764 Subauditur

182 2780 235 2802 res
245 2769 438 2812 judicarent.
981 2774 1158 2804 coeistimant
1169 2787 1183 2811 ;
1209 2774 1444 2812 damnationes,
1470 2775 1737 2818 expulsionesque

227 2815 257 2844 8.
271 2815 348 2846 Non
358 2813 439 2856 ‘tque'
451 2813 591 2855 legam]
601 2815 774 2857 Pompeius
784 2815 850 2860 legi
861 2817 937 2849 huic
981 2818 1091 2850 revera
1103 2829 1169 2849 non
1186 2826 1260 2850 sunt
1277 2819 1445 2864 supplicia,
1462 2819 1538 2862 quia
1553 2819 1628 2853 viris
1644 2821 1739 2853 bonis

183 2859 342 2901 superiori
355 2858 491 2896 addidit,
501 2866 536 2890 ut
550 2859 692 2901 quinque
704 2867 735 2891 et
749 2863 936 2904 septuagin-
983 2870 1116 2906 possunt
1133 2862 1287 2895 accidere.

183 2912 218 2936 ta
234 2903 430 2948 judicarent,
445 2911 479 2937 et
494 2914 532 2936 ex
542 2914 637 2936 censu
650 2903 850 2947 legerentur,
861 2907 940 2940 ade«)
1157 2903 1163 2909 ’

1668 2969 1749 3011 que
