1872 3135
731 79 753 93 l

132 176 216 219 xxii
584 177 646 217 M.
679 174 888 218 TULLII
921 174 1246 219 CICERONIS

492 290 708 334 ANNUS
740 291 915 333 URBIS
947 292 1241 334 CONDITAE
1266 285 1358 338 700.

260 380 353 418 Coss.
370 378 431 416 Cn.
449 377 612 414 Domitio
633 378 791 421 Calvino,
811 378 870 414 M.
897 379 1033 415 Valerio
1054 379 1228 423 Mecsald,
1249 389 1327 416 ante
1346 378 1521 416 Christum
1541 384 1601 417 52.

604 430 783 467 Ciceronis
802 432 1109 481 quc'nquagesinms
1126 441 1278 481 quartus.

193 519 291 561 Hoc
308 534 416 560 anno
440 517 587 560 Cicero
607 516 757 572 Augur
774 516 904 558 factus
920 526 995 569 est,
1019 532 1143 573 quem
1163 520 1188 560 ἐι
1204 527 1290 559 toto
1307 518 1479 575 coliegio
1493 515 1726 575 expetitum,

137 576 223 621 Cn.
247 575 483 632 Pompeius,
503 585 542 615 et
562 574 619 617 Q.
639 574 887 615 Hortensius
908 574 1190 616 nominarunt.
1426 578 1428 580 ’

495 688 711 731 ANNUS
744 689 920 731 URBIS
953 689 1242 732 CONDITAE
1274 698 1366 738 701.

268 782 359 819 Cos-s.
382 781 442 818 Cn.
462 781 629 830 Pompeio
648 794 775 827 mamm
795 780 944 823 tertin'm,
967 783 1040 816 sim’
1059 781 1204 831 collcgfci,
1227 790 1307 818 ante
1325 782 1497 819 Christum
1515 788 1576 822 51.

601 834 780 870 Ciceronis
798 836 1102 883 (szcirz-,fltccgesimus
1119 836 1268 883 quimus.

194 921 311 962 Cum
345 918 546 962 Clodium
587 917 694 958 Milo
725 916 1008 969 interfecisset,
1046 920 1274 973 postulatus
1297 919 1724 976 injudicium,2'2‚solo

137 978 340 1021 Cicerone
358 975 546 1017 defensus
567 984 651 1016 est:
685 985 726 1017 at
747 977 846 1016 cum
867 975 999 1015 dicere
1030 975 1242 1031 inciperet,
1265 975 1322 1018 ita
1348 977 1596 1033 importunis
1619 977 1723 1020 Clo-

135 1035 355 1084 dianorum
391 1032 640 1075 clamoribus
671 1043 863 1087 exceptus
884 1043 959 1083 est,
983 1045 1029 1074 ut
1046 1036 1092 1074 ea
1109 1037 1191 1090 qua
1209 1033 1352 1081 solitus
1372 1044 1455 1076 erat
1476 1034 1723 1086 constantia,

136 1105 224 1142 non
247 1090 416 1132 dixerit:
451 1105 575 1147 quare
608 1105 700 1131 eam
737 1105 864 1146 quam
900 1090 1101 1132 habemus
1136 1090 1366 1132 orationem
1403 1091 1552 1134 Cicero
1584 1094 1726 1148 postea

136 1148 299 1205 scripsit
315 1151 414 1190 cum
429 1149 474 1189 M
486 1147 538 1188 ilo
555 1145 758 1190 Massiliae
775 1157 892 1198 essct,
911 1150 1009 1203 quo,
1029 1147 1168 1189 statim
1182 1148 1507 1204 postjudicium,
1521 1147 1732 1204 profectus.

137 1206 271 1258 fuerat
288 1205 330 1248 in
351 1205 538 1247 exilium.
600 1206 669 1247 M.
687 1204 893 1255 Saufeius,
914 1205 1114 1252 Cicerone
1135 1205 1391 1258 defendente,
1411 1205 1618 1254 absolutus
1638 1215 1723 1258 est3

137 1275 178 1315 et
208 1266 304 1307 Sex.
341 1262 513 1304 Clodius
545 1277 711 1314 summo
743 1261 935 1303 omnium
967 1278 1172 1303 consensu
1206 1263 1435 1305 damnatus.
1496 1265 1595 1306 Hoc
1614 1277 1732 1306 anno-

137 1320 310 1378 fingitur
350 1319 515 1361 habitus
555 1335 689 1360 sermo
729 1319 778 1360 de
816 1318 988 1360 Finibus
1024 1320 1232 1361 bonorum
1265 1331 1305 1362 et
1339 1321 1562 1372 malorum,
1600 1336 1726 1378 quem

139 1378 289 1420 Cicero
307 1376 422 1418 libris
443 1376 626 1434 quinque
643 1378 784 1432 postea
803 1376 1046 1432 perscripsit.
1096 1379 1142 1418 T.
1162 1378 1388 1419 Munacius
1404 1379 1579 1420 Plancus
1595 1380 1727 1420 Bursa

137 1438 164 1479 ὲ,
194 1436 395 1477 Cicerone
426 1444 640 1477 accusatus
668 1442 743 1488 est,
779 1445 817 1480 et
857 1435 1053 1491 Pompeio
1084 1433 1325 1480 defendente
1357 1436 1591 1489 damnatus,
1615 1435 1726 1493 quod

136 1492 298 1536 curiam
317 1492 581 1535 incendisset.

498 1608 715 1651 ANNUS
749 1610 923 1652 URBIS
957 1609 1248 1651 CONDITAE
1270 1617 1368 1656 70⁵2.

269 1700 360 1747 Coss.
381 1699 456 1738 Ser.
480 1698 644 1750 Sulpicio
664 1700 770 1746 thf02
788 1700 847 1737 M.
867 1700 1020 1738 Claudio
1038 1700 1232 1744 ,Μαι-εεζῖο,
1249 1709 1328 1738 ante
1347 1699 1521 1742 Christum
1535 1704 1596 1744 502

620 1753 801 1798 Ciceronis
814 1754 1117 1804 quinquagesinms
1134 1760 1259 1789 seme&

196 1838 297 1878 Post
328 1833 469 1878 Clodii
491 1836 647 1877 caedem
671 1834 818 1878 Cicero
850 1836 898 1877 de
933 1835 1116 1893 Legibus
1155 1833 1341 1890 scripsit:
1386 1835 1547 1893 quade
1566 1850 1608 1878 re
1626 1835 1727 1879 ciim

138 1893 276 1950 piures
298 1892 423 1934 libros
458 1892 697 1947 scripsisset,
728 1902 806 1935 tres
834 1896 998 1935 tantum
1018 1895 1066 1934 ad
1090 1909 1180 1946 nos,
1204 1893 1314 1949 iique
1335 1888 1482 1935 mutili
1495 1908 1726 1949 pervenere.

140 1952 259 1993 Cum
279 1965 388 1992 anno
405 1950 610 2004 super-iore
627 1949 785 1992 factum
805 1961 907 1992 esset
928 1952 1347 2003 senatusconsultum,
1370 1966 1422 1993 ne
1451 1951 1542 2008 quis
1574 1961 1726 2006 praetos

139 2007 225 2050 rius
246 2018 313 2049 aut
332 2007 573 2050 Consularis
595 2007 700 2053 intra
716 2007 1051 2064 quinquennium
1067 2008 1109 2049 in
1131 2008 1387 2064 provinciam
1403 2007 1458 2050 ire
1477 2017 1629 2064 posset,
1646 2008 1727 2050 hoc

140 2065 499 2107 senatusconsulto
530 2065 587 2106 ire
618 2065 659 2106 in
691 2065 922 2121 provincias
947 2066 1074 2107 coacti
1108 2076 1219 2117 sunt,
1240 2065 1309 2118 qui
1333 2067 1373 2107 in
1395 2080 1461 2107 eas
1483 2081 1530 2106 ex
1552 2068 1728 2120 praeturft

140 2133 213 2165 aut
232 2123 452 2164 consulatu
471 2137 556 2163 non
578 2122 745 2164 iverant.
808 2124 857 2164 ln
880 2122 943 2163 his
963 2122 1041 2164 fuit
1062 2125 1125 2165 M.
1148 2122 1325 2174 Tullius,
1350 2123 1417 2164 cui
1451 2122 1601 2165 Cilicia
1631 2137 1725 2177 pro-

140 2179 279 2223 vincia
309 2179 551 2222 Consularis
584 2179 733 2236 obtigit
763 2195 861 2221 cum
891 2179 1069 2222 exercitu
1099 2181 1284 2235 peditum
1308 2195 1389 2222 xu.
1411 2179 1517 2222 mill.
1539 2178 1727 2236 equitum

142 2237 321 2279 duorum
340 2236 442 2278 mill.
462 2247 501 2279 et
522 2242 616 2279 600.
676 2237 832 2279 Tenuit
851 2237 974 2279 etiam
999 2238 1221 2280 proconsul
1245 2238 1435 2294 Cyprum
1452 2236 1632 2287 insulam
1647 2237 1726 2278 Ci-

139 2294 249 2340 liciae
264 2293 514 2350 oppositam,
531 2309 629 2336 cum
646 2294 774 2336 tribus
790 2294 1040 2337 dioecesibus
1058 2295 1270 2345 Asiaticis7
1291 2293 1545 2352 Cybaritica,
1561 2296 1726 2350 Synna-.

139 2352 272 2403 densi,
310 2361 350 2392 et
382 2351 628 2408 Apamen'si.
689 2352 807 2394 Maio
829 2368 876 2394 ex
896 2353 997 2393 urbe
1023 2352 1227 2409 profectus
1247 2361 1322 2404 est,
1344 2362 1384 2393 et
1409 2350 1631 2394 Brundusii
1650 2349 1728 2392 ali-

141 2418 244 2466 quot
277 2408 422 2454 diebus
457 2419 754 2460 commoratus,
777 2411 964 2451 Athenas
987 2418 1024 2452 Ἴ.
1047 2411 1138 2452 Kal.
1163 2409 1304 2452 Sextii.
1324 2409 1372 2451 ad
1395 2418 1527 2451 castra
1545 2407 1657 2450 venit
1676 2407 1726 2448 ad

141 2474 183 2514 7.
207 2466 301 2508 Kal.
324 2468 437 2521 Sept.
461 2467 511 2508 ad
533 2466 702 2509 tertium
721 2469 815 2509 vero
835 2468 940 2521 apud
965 2468 1156 2509 Iconium
1177 2465 1404 2513 exercitum
1423 2465 1623 2508 lustravit.
1662 2465 1728 2507 Ex

138 2522 207 2568 his
228 2523 369 2565 castris
390 2527 490 2566 cum
517 2539 656 2580 graves
677 2524 726 2565 de
748 2524 907 2566 Parthis
935 2525 1075 2566 nuncii
1098 2524 1298 2576 venirent,
1327 2522 1503 2580 perrexit
1535 2523 1577 2565 in
1618 2521 1727 2564 Cili-

139 2580 266 2633 ciam,
291 2595 362 2634 per
382 2596 473 2624 eam
495 2581 773 2637 Cappadociae
794 2593 966 2637 partem,
990 2598 1084 2639 quae
1103 2583 1360 2637 provinciam
1388 2579 1506 2624 illam
1533 2579 1725 2636 attingit:

138 2652 188 2685 co
208 2637 401 2690 consilio,
421 2647 468 2680 ut
486 2638 714 2681 Armenius
732 2640 978 2681 Artavasdes
999 2650 1036 2681 et
1054 2639 1130 2694 ipsi
1152 2637 1292 2681 Parthi
1312 2636 1580 2694 Cappadocia
1595 2651 1637 2678 se
1653 2651 1727 2678 ex-

139 2694 250 2745 cludi
293 2705 483 2748 putarent
501 2713 508 2737 2
543 2705 585 2738 at
604 2697 748 2738 certior
768 2696 916 2748 factus,
937 2699 1107 2752 Parthos
1124 2695 1267 2753 procul
1291 2694 1389 2737 hinc
1405 2695 1560 2746 abesse,
1577 2702 1725 2735 etma-

138 2752 201 2807 gis
223 2752 387 2795 Ciliciae
407 2753 640 2806 imminere,
673 2753 892 2795 confestim
930 2753 1004 2795 iter
1036 2755 1078 2796 in
1116 2769 1205 2796 eam
1237 2751 1331 2794 fecit
1363 2767 1434 2807 per
1465 2749 1727 2807 Tauripylas,

93 2818 104 2830 ⁶
136 2810 317 2852 Tarsum
348 2811 463 2853 venit
497 2812 545 2852 ad
567 2821 609 2853 3.
630 2813 751 2854 Non.
770 2812 925 2854 octob.
959 2812 1052 2853 inde
1087 2812 1135 2852 ad
1167 2811 1386 2853 Amanum
1417 2820 1606 2852 montem
1636 2802 1724 2862 plee

136 2881 244 2921 num
263 2867 448 2921 hostium
469 2869 698 2923 contendit,
720 2869 794 2912 ubi
813 2869 861 2911 ad
883 2878 924 2913 3.
947 2869 1044 2912 Idus
1066 2868 1220 2912 Octob.
1244 2882 1447 2926 magnum
1470 2880 1614 2909 eorum
1643 2879 1724 2905 nu-

1102 2932 1109 2937 ’
1332 2936 1334 2939 ’
1562 2936 1726 2977 merum
