1887 3109
103 126 187 162 250

570 117 639 160 Μ.
668 113 876 158 TULLII
902 112 1230 158 CICERONIS
1280 121 1286 133 ²

175 232 221 286 ii,
242 234 269 275 a
286 231 436 290 quibus
455 230 638 273 dicebare
670 227 828 279 consul,
851 237 890 269 te
927 227 1019 270 luce
1055 228 1226 286 dignum
1258 243 1342 270 non
1379 237 1581 285 putarent,
1601 227 1683 271 nisi

174 290 365 348 nequior,
397 289 522 346 quam
560 284 780 336 GabiniuS,
811 284 1036 337 extitisse53
1068 300 1136 326 me
1171 296 1321 328 cuncta
1350 285 1481 338 Italia,
1501 301 1568 328 me
1587 301 1680 328 om·

177 361 250 389 nes
284 346 460 395 ordines,
496 357 563 383 me
595 341 780 382 universa
816 340 972 392 civitas,
994 356 1078 383 non
1098 342 1223 397 prius
1245 342 1393 384 tabella
1413 346 1540 398 quam
1566 357 1681 394 voce,

112 411 164 445 10
178 404 351 461 priorem
389 398 602 442 consulem
637 398 866 440 declaravit.
929 398 1007 439 Sed
1041 399 1205 450 omitto,
1233 409 1278 440 ut
1297 401 1347 442 sit
1367 399 1497 443 factus
1516 410 1683 458 uterque

175 463 363 503 nostrum
380 473 392 508 ;
426 456 477 497 sit
497 457 594 497 sane
615 456 710 497 Sors
726 454 895 497 domina
915 453 1049 509 campi
1065 470 1077 506 3
1113 456 1441 511 magnificentius
1462 467 1521 499 est
1535 456 1683 509 dicere,

175 513 525 574 quemadmodum
549 511 795 568 gesserimus
811 510 1086 562 consulatum,
1104 514 1230 568 quam
1248 514 1593 568 quemadmodum
1614 529 1684 556 ce-

176 572 369 630 perimus.
428 571 518 626 Ego
541 568 736 611 Kalendis
754 569 918 611 Januar.
942 569 1140 610 Senatum
1176 578 1216 610 et
1247 568 1378 610 bonos
1411 584 1555 612 omnes
1588 571 1685 627 legis

174 629 341 686 agrariae
391 626 750 683 maximarumque
797 624 1059 683 largitionum
1104 635 1217 668 metu
1262 625 1441 668 liberavi.
1480 638 1490 654 -“
1518 628 1608 683 Ego
1637 642 1682 669 a-

111 695 159 728 15
175 700 292 743 grum
327 684 610 738 Campanum,
639 683 672 724 si
705 682 829 725 dividi
866 697 951 723 non
982 682 1176 738 oportuit,
1199 682 1459 733 conservavi3
1493 682 1526 725 si
1562 698 1684 738 opor.

175 743 268 794 tuit,
289 740 525 784 melioribus
547 739 780 782 auctoribus
801 739 1008 781 reservavi.
1069 740 1159 796 Ego
1178 738 1221 780 in
1242 740 1293 781 C.
1317 738 1485 782 Rabirio
1498 740 1682 794 perduel-

170 800 294 842 lionis
311 813 393 849 τεο,
410 799 505 841 XL.
523 796 641 838 annis
657 805 750 838 ante
767 811 834 837 me
851 795 1081 846 consulem,
1097 796 1378 850 interpositam
1395 797 1570 839 Senatus
1585 811 1684 839 auc-

173 855 381 898 toritatem
414 852 588 896 sustinui
622 864 765 895 contra
798 853 1010 904 invidiam,
1047 862 1170 909 atque
1197 852 1372 894 defendi.
1429 855 1518 909 Ego
1548 855 1686 896 adole-

175 922 332 959 scentes
348 911 480 953 bonos
500 921 540 953 et
565 910 704 962 fortes,
726 910 793 951 sed
827 924 922 951 usos
953 912 1002 950 εέι
1035 910 1267 951 conditione
1294 910 1484 961 fortunae,
1499 919 1559 962 ut,
1579 911 1610 954 si
1626 925 1738 963 es-f,

106 977 161 1012 ΞΟ
177 981 267 1013 sent
296 969 558 1026 magistratus
592 966 741 1021 adepti,
780 965 937 1022 reipub.
974 974 1125 1008 statum
1147 966 1162 991 ¹³
1180 966 1412 1019 convulsuri
1441 967 1685 1020 viderentur,

176 1027 280 1072 meis
299 1025 545 1076 inimicitiis,
563 1030 577 1048 ⁶
596 1024 710 1066 nulla
731 1024 904 1065 Senatus
933 1023 1042 1065 mala
1073 1023 1217 1078 gratia,
1239 1024 1502 1066 comitiorum
1532 1024 1687 1067 ratione

176 1084 358 1141 privavi3
391 1097 465 1140 ego
498 1081 734 1124 Antonium
770 1079 986 1137 collegam,
1018 1078 1214 1134 cupidum
1237 1081 1471 1136 pmvinciae,
1493 1081 1625 1124 multa
1642 1081 1686 1124 in

174 1140 388 1198 republica
399 1137 656 1191 molientem,
674 1136 870 1194 patientia
885 1145 1005 1194 atque
1017 1136 1213 1194 obsequio
1232 1152 1326 1179 meo
1342 1137 1537 1196 mitigavi.
1596 1140 1686 1198 Ego

423 1312 442 1338 Β
449 1313 643 1364 perdum-2.

218 1493 251 1522 8.
274 1487 410 1530 Nequior
432 1487 521 1529 qutim
545 1484 717 1525 Gabinius-d
754 1485 910 1517 Gabinius

174 1535 242 1572 ille,
258 1542 295 1567 ut
310 1532 386 1564 dicit
399 1532 512 1563 Cicero
528 1530 561 1561 in
578 1532 668 1562 Orat.
683 1535 755 1571 post
769 1529 909 1562 reditum

176 1579 209 1611 in
223 1581 294 1610 Sen.
304 1576 407 1619 prima
421 1574 522 1606 aetatis
538 1585 599 1606 suae
617 1580 763 1615 tempora
778 1575 816 1602 ad
839 1583 910 1604 om-

174 1633 230 1654 nes
256 1620 402 1653 libidines
423 1618 607 1660 divulgavit,
622 1625 653 1649 et
678 1622 864 1659 egestatem,
879 1624 911 1648 et

173 1665 330 1699 luxuriam
352 1662 526 1694 domestico
542 1660 700 1693 lenocinio
711 1659 907 1692 sustentavit:

173 1718 208 1742 et
233 1717 269 1741 ut
296 1706 497 1744 Plutarchus,
514 1706 598 1736 inter
628 1714 737 1736 omnes
767 1704 909 1747 Pompeii

176 1755 307 1785 Scurras
321 1758 495 1782 assentator
509 1749 582 1780 fuit.

220 1797 251 1827 9.
277 1791 395 1826 Tabelae'd
424 1793 511 1835 qudm
551 1793 639 1833 voca]
694 1790 910 1824 Declarabant

175 1850 273 1884 quem
285 1837 446 1881 eligebant
461 1837 513 1868 vel
527 1835 656 1878 scripto,
667 1837 719 1868 vel
733 1845 828 1872 voce3
852 1834 909 1865 Ci-

171 1894 246 1917 cero
269 1880 429 1913 communi
443 1879 585 1912 omnium
605 1891 682 1912 voce
705 1877 829 1911 consul
856 1878 909 1909 de-

173 1927 309 1960 claratus
325 1932 380 1957 est.

221 1972 270 2002 11.
293 1969 424 2000 Domina
439 1966 556 2009 campi]
594 1968 734 1998 Fortuna
759 1972 792 1996 et.
822 1974 907 1996 casus

172 2012 286 2057 sapius
302 2012 455 2054 regebant
470 2010 600 2044 comitia
619 2021 687 2053 quae
717 2010 749 2041 in
781 2009 905 2051 Campo

172 2058 299 2091 Martio
327 2055 535 2092 habebantur,
552 2058 648 2097 quam
677 2049 846 2086 consilium
874 2059 907 2083 et

172 2110 262 2135 ratio.

221 2146 269 2176 13.
292 2143 436 2176 Kalendis
450 2141 632 2183 Januariis.]
655 2141 751 2174 Initio
766 2139 907 2183 Januarii

174 2188 327 2223 Consules
341 2187 556 2229 magistratum
572 2186 716 2222 inibant3
740 2184 826 2227 quod
842 2193 906 2214 ma-

172 2234 286 2268 nifeste
298 2231 390 2263 docet
406 2230 540 2261 Ovidius
557 2229 609 2261 lib.
624 2232 654 2259 4.
670 2230 709 2260 de
723 2230 837 2259 Ponto.

212 2322 298 2362 Ergo
312 2319 372 2356 ubi,
388 2319 415 2350 J
414 2329 469 2348 ane
484 2319 588 2359 biceps,
602 2318 721 2358 longum
732 2318 905 2348 reseraveris

337 2372 457 2399 annum,

255 2406 367 2439 Pulsus
381 2410 408 2435 et
424 2405 441 2433 ἁ
453 2416 535 2435 sacro
547 2415 641 2435 mense
656 2403 814 2434 December
826 2405 882 2434 erit
888 2417 901 2441 ,-

210 2451 351 2492 Purpura
366 2450 531 2490 Pompeium
553 2450 657 2492 sumrni
678 2447 785 2478 celabit
814 2447 903 2478 bono·

255 2538 303 2568 Ne
317 2504 414 2568 {glis
422 2538 577 2580 quicquam
591 2535 691 2566 debeat
704 2534 757 2565 illa
767 2534 835 2565 suis.

195 2623 258 2655 ·1b.
283 2625 375 2666 Legis
395 2621 546 2664 agraria]
559 2621 669 2655 Cassio
696 2628 728 2652 et
754 2622 892 2663 Proculo
936 2622 991 2652 vit.

166 2669 254 2699 Coss.
269 2667 408 2709 primum
420 2668 484 2699 lata
494 2673 541 2699 est
552 2666 604 2698 lex
613 2665 749 2708 agraria,
757 2673 789 2696 et
802 2676 890 2708 mag-

163 2711 211 2742 nis
227 2716 334 2752 postea
350 2722 454 2743 rerum
478 2710 618 2742 motibus
636 2719 694 2752 per
717 2719 816 2740 annos
830 2709 895 2741 fere

162 2754 297 2796 triginta
309 2756 437 2796 jactata,
450 2764 483 2786 et
494 2761 667 2786 restaurata
677 2752 697 2785 ἐ
707 2752 806 2785 Rullo
819 2753 894 2785 ‘rri-

161 2798 377 2843 buno-plebis,
393 2800 453 2843 qua
470 2800 667 2843 campanum
691 2807 806 2842 agrum
833 2808 893 2841 po-

796 1315 814 1335 e
827 1312 920 1348 nullo
933 1311 1017 1350 odio
1029 1320 1193 1362 concepto
1211 1312 1248 1349 in
1263 1312 1435 1350 Senatum.

953 1483 1031 1527 pulo
1046 1483 1205 1517 dividebat
1217 1496 1228 1523 3
1257 1484 1312 1516 sed
1335 1483 1417 1517 hanc
1438 1484 1542 1528 legem
1560 1485 1687 1518 sustulit

956 1528 1071 1560 Cicero
1086 1529 1191 1560 statim
1214 1535 1309 1571 atque
1341 1528 1461 1561 Consul
1486 1529 1688 1562 renunciatus

954 1580 1011 1603 est.
1059 1571 1138 1603 Vide
1151 1574 1241 1604 Orat.
1257 1573 1296 1604 de
1307 1571 1377 1614 lege
1393 1573 1536 1615 Agrai-il.

1001 1616 1051 1647 16.
1075 1616 1256 1647 Melioribus
1266 1616 1452 1658 auctoribus-J
1493 1617 1644 1660 Pompeio
1655 1626 1688 1650 et

955 1661 993 1692 C.
1011 1660 1142 1691 Caesari.

997 1702 1043 1734 1b.
1069 1704 1108 1733 In
1124 1703 1250 1736 Rabirio
1260 1703 1470 1744 perduellionis
1484 1704 1555 1743 rea]
1587 1703 1687 1735 Rabi-

953 1746 1016 1778 rius
1030 1757 1100 1777 cum
1111 1746 1175 1777 telo
1184 1747 1288 1778 fuerat
1300 1747 1332 1777 in
1349 1745 1509 1778 collisione
1525 1747 1687 1779 Saturnini

954 1790 1105 1832 oppressi,
1123 1791 1176 1832 qui
1207 1790 1389 1821 seditionem
1421 1789 1684 1833 tribunus—plebis

953 1834 1165 1872 excitaverat;
1188 1834 1301 1866 deinde
1328 1834 1395 1876 ejus
1422 1840 1516 1875 caput
1531 1845 1588 1877 per
1603 1834 1686 1866 ludi·

953 1877 1060 1909 brIurn
1076 1877 1322 1909 circumtulerat.
1367 1877 1515 1920 Triginta
1529 1888 1582 1910 sex
1596 1878 1688 1911 annis

950 1922 1022 1964 post
1038 1924 1054 1951 a
1066 1921 1209 1957 Labieno
1221 1921 1469 1964 tribuno-plebis
1484 1921 1516 1953 in
1530 1921 1686 1963 judicium

952 1965 1112 2003 Rabirius,
1120 1965 1202 2008 apud
1215 1965 1380 2008 populum,
1395 1965 1621 2007 perduellionis
1635 1977 1685 2010 re-

951 2020 986 2040 us
1014 2017 1138 2040 vocatus
1167 2018 1224 2047 est,
1253 2017 1285 2040 et
1314 2009 1459 2041 defensus
1488 2013 1506 2041 a
1534 2009 1685 2042 Cicerone

952 2053 1100 2085 Consule.
1148 2053 1231 2084 Vide
1246 2053 1314 2092 ejus
1330 2055 1422 2085 Orat.

997 2100 1046 2127 18.
1068 2097 1268 2127 Adolescentes
1297 2097 1406 2137 bonos]
1459 2095 1550 2128 Tulit
1578 2094 1683 2138 legem

951 2139 1115 2171 Cornelius
1141 2140 1237 2181 Sylla,
1258 2147 1294 2171 ut
1320 2140 1570 2182 proscriptorum
1589 2138 1683 2171 lihesi

949 2183 1105 2215 bonorum
1122 2186 1331 2226 petendorum
1347 2190 1502 2225 potestate
1525 2181 1684 2225 privaren-

949 2234 1015 2266 tur,
1027 2228 1099 2259 cum
1113 2235 1216 2258 tamen
1228 2235 1336 2269 petere
1347 2227 1476 2266 vellent,
1484 2225 1594 2257 Cicero
1606 2237 1683 2258 con-

950 2281 998 2303 tra
1021 2282 1072 2302 eos
1104 2271 1290 2302 Orationem
1314 2270 1460 2308 habuit„
1486 2270 1571 2302 Vide
1596 2269 1681 2304 Plin.

947 2315 1003 2347 lib.
1017 2316 1048 2346 7.
1061 2325 1116 2358 cap
1128 2315 1178 2345 30.

990 2360 1040 2388 29.
1057 2358 1198 2400 Cupidum
1210 2356 1396 2407 prouincia]
1418 2353 1589 2399 obtigerat
1603 2358 1681 2390 Ma·

948 2401 1078 2434 cedonia
1093 2401 1240 2433 ciceroni
1263 2403 1295 2432 in
1319 2402 1485 2433 sortitione
1499 2402 1681 2443 provincia-

946 2457 1030 2485 rum,
1047 2454 1078 2477 et
1107 2446 1254 2477 Antonio
1286 2444 1402 2476 Gallia.
1446 2442 1527 2477 (inu
1554 2452 1682 2489 optaret

946 2489 1171 2522 Macedoniam
1195 2489 1368 2526 Antonius,
1393 2489 1468 2531 quia
1487 2489 1682 2531 opulentior,

946 2545 1016 2565 cum
1029 2544 1066 2564 eo
1084 2532 1220 2564 Galliam
1237 2533 1444 2564 commutavit
1456 2532 1579 2570 Cicero,
1591 2540 1623 2565 et
1635 2532 1680 2564 sie

938 2577 1086 2621 pactione
1102 2576 1272 2620 provincia:
1289 2587 1362 2610 eum
1377 2577 1415 2609 ad
1429 2587 1534 2620 remp.
1547 2585 1678 2608 revoca-

982 2664 1028 2697 lb.
1045 2665 1085 2696 In
1100 2662 1248 2705 republica
1263 2663 1454 2708 molientem]
1478 2665 1595 2695 Favere
1605 2664 1678 2696 An-

939 2710 1044 2742 tonius
1060 2707 1205 2739 Catilinae
1227 2717 1291 2738 non
1307 2708 1441 2741 obscure
1455 2706 1630 2744 videbatur,
1640 2714 1676 2738 ut

939 2764 970 2787 sc
983 2763 1047 2788 aere
1062 2751 1167 2786 alieno
1177 2751 1336 2787 liberaret.
1372 2784 1376 2787 .

1631 2810 1658 2831 ο

1582 2847 1674 2892 pro-
