1872 3135
160 159 242 197 2346
647 152 716 196 M.
748 149 958 193 TULLII
989 149 1310 196 CICERONIS

252 268 373 310 nibus
407 266 603 317 incendit,
623 263 839 306 hominem
859 264 946 306 sine
963 270 981 296 P
1000 280 1055 316 re,
1077 264 1164 308 sine
1183 267 1276 319 fide,
1299 268 1385 310 sine
1405 281 1489 322 spe,
1511 266 1600 309 sine
1628 265 1736 317 sede,

252 327 341 367 sinc
361 324 560 374 fortunis3
583 337 665 373 ore,
681 320 834 377 lingua,
853 337 995 372 manu,
1010 323 1094 364 vita
1112 324 1228 366 omni
1244 324 1534 381 inquinatum3
1557 322 1627 380 qui
1650 323 1736 365 Ca·-

250 382 326 425 tuli
361 389 681 423 monumentum
715 377 875 430 afflixit,
905 394 1040 420 meam
1060 379 1234 422 domum
1252 381 1389 432 diruit,
1422 381 1502 423 mei
1524 380 1654 423 fratris
1673 379 1738 421 in-

158 450 211 488 90
252 439 387 480 cendit
400 453 412 488 3
446 436 517 492 qui
537 434 579 476 in
601 435 750 490 palatio
782 444 903 492 atque
925 434 967 476 in
987 435 1101 477 urbis
1121 436 1252 478 oculis
1274 437 1432 480 servitia
1451 437 1499 479 ad
1521 438 1677 480 caedem
1697 445 1737 478 et

250 492 589 536 inflammandam
607 491 752 534 urbem
784 493 994 535 incitavit:
1027 491 1070 534 in
1100 494 1150 534 ea
1178 493 1338 535 civitate
1366 509 1417 536 ne
1447 494 1660 549 patiamini
1681 492 1738 534 il-

249 553 336 593 lum
354 549 588 592 absolutum
605 549 793 592 muliebri
811 549 956 605 gratia,
971 550 1039 592 M.
1053 548 1240 591 Coelium
1252 549 1413 592 libidini
1429 551 1620 594 muliebri
1636 565 1737 594 con-

246 608 445 649 donatum
466 622 474 647 :
508 622 560 648 ne
579 606 718 648 eadem
740 607 887 649 mulier
921 622 1017 648 cum
1053 622 1126 648 suo
1163 607 1338 663 conjuge
1370 617 1409 648 et
1429 607 1562 660 fratre,
1583 608 1734 664 turpis-

247 665 400 706 simum
417 663 617 706 latronem
630 663 839 719 eripuisse,
853 673 893 706 et
905 664 1241 706 honestissimum
1259 663 1558 706 adolescentem
1573 678 1738 720 oppres-

153 733 203 772 95
247 722 345 763 sisse
358 720 551 763 videatur.
614 721 741 763 Quod
759 723 859 763 cum
876 720 998 777 hujus
1015 720 1128 762 vobis
1149 720 1465 763 adolescentiam
1483 721 1739 777 proposueri-

245 777 314 831 tis,
332 778 612 820 constituitote
627 778 743 820 vobis
756 788 848 820 ante
861 777 1003 820 oculos
1021 778 1145 835 hujus
1165 777 1289 820 etiam
1309 777 1446 820 miseri
1468 786 1743 830 senectutem,

244 836 317 893 qui
337 836 417 877 hoc
438 834 562 876 unico
594 834 680 876 filio
713 834 871 887 nititur,
907 835 949 877 in
982 835 1105 891 hujus
1125 849 1194 890 spe
1215 836 1446 891 requiescit,
1469 835 1592 892 hujus
1614 834 1737 877 unius

244 908 388 935 casum
426 891 701 948 pertimescit:
742 907 867 948 quem
898 907 968 933 vos
998 891 1228 948 supplicem
1256 902 1400 935 vestrae
1429 891 1736 944 misericordiae,

243 964 405 992 servum
439 949 662 1005 potestatis,
701 948 909 1006 abjectum
939 965 1026 991 non
1046 958 1132 991 tam
1153 948 1201 990 ad
1223 949 1358 1004 pedes,
1382 949 1509 1006 quam
1530 949 1579 991 ad
1599 963 1734 992 mores

153 1016 232 1053 100
243 1021 467 1063 sensusque
485 1014 654 1059 vestros,
677 1005 736 1047 vel
753 1006 1031 1049 recordatione
1051 1014 1266 1062 parentum
1283 1017 1526 1058 vestrorum,
1547 1006 1608 1048 vel
1629 1005 1735 1049 libe-

239 1079 382 1106 rorum
394 1062 655 1119 jucunditate
682 1072 931 1105 sustentate:
960 1074 1006 1106 ut
1040 1064 1083 1105 in
1119 1062 1280 1104 alterius
1314 1063 1468 1115 dolore,
1489 1063 1550 1105 vel
1580 1063 1734 1119 pietati,

240 1121 304 1163 vel
333 1119 608 1177 indulgentiae
635 1128 779 1162 vestrae
799 1121 993 1172 serviatis,
1027 1118 1168 1171 nolite,
1195 1119 1378 1172 Judices,
1410 1129 1479 1162 aut
1509 1121 1621 1163 huuc
1646 1122 1734 1178 jam

240 1180 391 1220 natura
418 1176 510 1233 ipsa
527 1187 544 1212 <1
562 1177 819 1219 occidentem
840 1176 939 1218 velle
974 1177 1176 1219 maturius
1197 1176 1381 1235 extingui
1401 1177 1565 1220 vulnere
1582 1187 1732 1229 vestro,

243 1237 371 1292 quam
391 1250 464 1276 suo
485 1233 594 1276 fato:
627 1245 698 1276 aut
713 1235 825 1276 hunc
845 1249 958 1276 nunc
975 1235 1157 1290 primum
1173 1234 1455 1277 florescentem
1468 1235 1630 1277 firmata
1639 1235 1731 1291 jam

148 1300 226 1340 105
242 1294 365 1348 stirpe
384 1291 558 1342 virtutis,
578 1301 777 1348 tanquam
793 1291 956 1333 turbine
972 1291 1110 1348 aliquo
1137 1301 1206 1334 aut
1223 1291 1359 1333 subita
1378 1300 1615 1347 tempestate
1639 1306 1730 1347 per-

239 1358 406 1393 vertere.
467 1349 716 1390 Conservate
736 1349 892 1404 parenti
912 1347 1060 1400 filium,
1082 1357 1290 1404 parentem
1311 1348 1410 1401 filio,
1433 1363 1484 1390 ne
1501 1358 1570 1390 aut
1586 1363 1731 1391 seneca

239 1416 370 1449 tutem
395 1407 487 1463 jam
503 1408 629 1461 prope
651 1412 663 1429 ¹
682 1406 935 1461 desperatam
969 1405 1279 1459 contempsisse,
1315 1416 1385 1447 aut
1415 1405 1731 1448 adolescentiam

237 1463 403 1519 plenam
420 1463 505 1519 spei
520 1463 715 1505 maximae
730 1478 815 1504 non
832 1462 958 1505 modo
971 1478 1053 1504 non
1072 1462 1219 1503 aluisse
1234 1476 1323 1514 vos,
1336 1461 1403 1503 sed
1419 1461 1542 1504 etiam
1559 1471 1570 1488 ⁵
1587 1477 1731 1518 percu-

237 1521 331 1562 lisse
349 1528 467 1576 atque
487 1518 679 1561 afflixisse
695 1519 932 1561 videamini.
993 1521 1135 1562 Quem
1157 1519 1190 1560 si
1204 1518 1332 1571 vobis,
1349 1519 1382 1561 si
1396 1517 1495 1571 suis,
1514 1518 1546 1561 si
1563 1519 1729 1575 reipub-

149 1578 329 1626 Uolicae
349 1577 611 1629 conservatis,
633 1576 858 1628 addictum,
880 1576 1078 1628 deditum,
1113 1576 1358 1618 obstrictum
1379 1576 1495 1618 vobis
1527 1591 1574 1619 ac
1595 1576 1732 1619 liberis

236 1635 376 1678 vestris
397 1633 600 1677 habebitis
619 1651 629 1676 ε
658 1634 933 1691 omniumque
968 1634 1091 1690 hujus
1112 1638 1123 1657 t
1143 1648 1361 1676 nervorum
1383 1649 1429 1675 ac
1450 1633 1640 1676 laborum
1657 1648 1729 1676 vos

236 1691 519 1749 potissimum,
536 1692 564 1733 J
566 1690 721 1743 udices,
744 1690 899 1735 fructus
917 1690 1060 1733 uberes
1077 1690 1373 1747 diuturnosque
1393 1689 1576 1746 capietis,
1714 1696 1718 1698 ’

378 1820 396 1845 P
409 1815 517 1852 bonis.
570 1820 586 1846 ‘1
599 1816 808 1852 morientem.
864 1820 876 1836 ¹
894 1824 1076 1851 mortuam.
1131 1818 1142 1836 ⁵
1161 1815 1328 1851 evertisse.
1382 1815 1393 1836 t
1412 1814 1553 1851 virium.

252 1959 303 1989 88.
319 1957 419 1989 catuli
443 1954 683 1995 monumentum]
705 1954 813 1986 Catuli
828 1965 943 1987 monu·
986 1955 1041 1986 ina
1056 1957 1110 1986 sua
1126 1964 1233 1986 sorore
1251 1954 1373 1988 Clodia,

208 2009 355 2033 mentum
373 2001 512 2033 Porticus
527 2000 589 2031 fuit
605 2000 637 2030 in
654 1998 784 2031 Palatio.
1032 1999 1077 2030 lb*
1098 1998 1310 2039 Turpissimum
1324 1999 1496 2041 latronem}
1507 2001 1636 2032 Senum
1650 2001 1725 2033 Clo-

254 2046 305 2077 39.
326 2045 432 2076 liscum
448 2044 563 2075 domum
577 2042 696 2085 diruit]
713 2042 855 2080 Clodius,
868 2041 944 2074 (lum
988 2043 1076 2074 dium
1091 2042 1248 2074 latronem
1274 2052 1379 2081 vocat,
1393 2043 1451 2086 qui
1467 2043 1588 2075 Clodiae
1604 2045 1735 2077 ἱππεῦ-.

208 2089 324 2121 Cicero
348 2088 498 2126 exularet,
526 2088 656 2119 domum
691 2087 757 2129 ejus
783 2087 945 2119 Libet-tati
988 2087 1050 2124 cio,
1062 2083 1184 2128 judicio
1196 2085 1346 2118 liberatus
1360 2095 1414 2119 e3t.

206 2132 410 2165 consecr-aviti
1032 2131 1084 2160 96.
1102 2130 1201 2168 Hujus
1221 2131 1345 2171 misera]
1364 2132 1444 2162 Haec
1463 2129 1559 2162 verba
1581 2141 1725 2172 pronun·

251 2178 304 2208 92.
325 2174 475 2212 Asuliebrz'
502 2172 630 2216 gratim
657 2175 690 2205 Si
718 2173 839 2206 Clodiae
855 2173 946 2204 causa
989 2174 1100 2206 ciando
1125 2172 1218 2205 Coelii
1245 2181 1366 2215 patrem
1392 2174 1642 2212 demonstrabat,
1667 2178 1722 2218 qui

209 2222 321 2252 Sextus
336 2219 466 2251 Clodius
491 2219 653 2249 absolutus
676 2225 734 2256 est,
760 2228 825 2249 non
850 2217 946 2250 debet
989 2224 1109 2249 atratus
1135 2225 1166 2248 et
1181 2217 1357 2249 sordidatus
1376 2217 1498 2259 judicio
1518 2218 1638 2257 aderat,
1653 2231 1723 2252 mo-

206 2273 338 2306 propter
359 2273 430 2295 eam
453 2261 572 2294 Coelius
588 2262 635 2293 *ad
657 2262 888 2293 damnationem
912 2268 945 2293 et
988 2261 1096 2293 venda:
1109 2260 1254 2302 judicum
1272 2262 1496 2293 misericordiae
1513 2266 1610 2294 causa.

207 2307 401 2350 suppliciurn'
414 2305 507 2338 tradi.
1037 2306 1105 2335 104.
1122 2305 1195 2335 Jam
1213 2305 1327 2348 stit-pa]
1357 2306 1565 2346 Comparatio
1589 2306 1608 2337 ὲ
1622 2308 1722 2339 ventis

252 2352 305 2382 98.
328 2351 447 2382 M'ulier
475 2359 542 2380 cum
563 2359 619 2386 ¹suo
645 2349 792 2389 conjuga]
824 2348 946 2391 Pungit
991 2357 1023 2380 et
1048 2354 1254 2390 tempestate:
1278 2356 1309 2380 et
1335 2350 1519 2392 metaphora
1534 2350 1657 2383 ducta&
1675 2359 1721 2383 tc.

208 2394 372 2434 Clodium,
390 2395 445 2438 qui
465 2392 591 2426 infamis
615 2392 719 2425 suerat
736 2393 856 2425 incestu
873 2403 946 2424 cum
990 2393 1074 2425 neris
1091 2390 1265 2425 arboribus.

1485 2862 1703 2937 ORA‘rio
