1872 3135
579 112 805 158 ORATIO
839 113 949 157 PRO
980 113 1048 157 M.
1083 114 1305 158 COELIO.

105 264 107 267 Α
146 226 198 270 lis
219 227 446 284 videretur3
478 229 598 287 cujus
628 245 704 287 ego
741 229 924 273 facinora
957 229 1089 272 oculis
1127 229 1257 285 prius,
1288 231 1417 287 quam
1459 229 1672 286 opinione,

145 286 338 330 manibus
357 289 468 352 ante,
485 303 614 344 quam
631 266 882 342 suspicione,
903 287 1183 344 deprehendi·
1171 319 1184 340 ‚
1218 288 1336 345 cujus
1353 304 1394 330 m
1417 303 1580 345 maguis
1602 303 1673 329 ca-

146 343 266 386 tervis
285 345 518 387 amicorum
533 346 566 387 si
586 344 666 387 fuit
685 345 809 386 etiarn
842 344 1019 409 Coelius,
1052 346 1184 403 magis
1214 355 1290 398 est,
1313 358 1358 387 ut
1387 346 1482 401 ipse·
1488 324 1673 386 moleste

146 398 259 444 ferat·
268 405 419 444 errasse
436 418 492 452 se,
515 402 636 444 sicuti
663 418 913 459 nonnunqu
903 418 969 444 im
992 403 1035 445 in
1066 406 1209 445 eodem
1233 403 1404 445 homine
1424 419 1492 444 me
1513 417 1676 465 quoque

146 459 289 502 erroris
319 459 401 501 mei
433 460 621 517 poenitet,
655 476 783 517 quam
821 471 866 502 ut
896 461 1012 502 istius
1049 461 1244 502 amicitiae
1283 461 1439 503 crimen
1490 460 1678 502 reformi-
1692 459 1744 497 65

288 519 464 575 Itaque
450 533 476 560 a
495 517 723 561 maledictis
745 517 971 582 pudicitiae
977 518 1025 559 id
1047 518 1343 573 coniurationis
1365 518 1562 560 invidiam
1586 533 1678 559 ora-

122 514 229 558 '‘det.

87 564 92 568 ’
145 572 204 620 tio
224 580 286 615 est
312 589 442 618 vestra
459 575 652 632 delapsa·
640 608 654 628 ‚
687 591 824 640 posius
810 575 930 616 tise

910 575 1038 625 enim,
1061 567 1181 639 atque
1213 574 1251 615 icl
1283 585 1418 617 tamen
1457 575 1678 618 titubanter

144 640 186 673 et
207 630 400 695 strictim,
432 633 728 696 conjurationis
760 633 890 683 hunc,
913 644 1076 687 propter
1097 631 1320 673 amicitiam
1351 632 1560 684 Catilina,
1585 648 1677 689 par-

145 687 318 745 ticipem
337 690 488 732 fuisse:
522 705 562 731 m
595 705 678 746 quo
712 704 797 731 non
832 690 958 731 morlo
989 703 1144 730 crimen
1183 704 1266 730 non
1300 692 1494 742 haereba‚t
1518 692 1583 731 5ιά
1608 706 1673 735 le

144 745 282 811 diserti
327 747 595 789 adolescentis
632 746 865 788 cohaerebat
896 744 1042 788 oratio.

146 803 190 845 in
212 804 384 847 Coelio?
419 804 530 860 quod
569 814 732 846 tantum
764 814 836 845 aut
870 802 914 845 in
944 803 1128 845 moribus
1158 808 1388 861 naturaque
1419 806 1581 857 vulnus,
1606 815 1682 848 aut

145 861 192 902 in
212 876 254 902 re
269 871 391 918 atque
410 861 608 904 fortuna?
644 861 715 903 ubi
738 861 913 917 denique
933 871 991 903 est
1011 861 1052 903 in
1076 862 1154 903 ista
1173 876 1407 940 suspicione
1437 867 1467 900 ί

146 933 244 965 men
263 919 447 961 auditum
466 920 481 960 ?
508 919 711 962 Nimium
736 919 868 960 multa
900 919 949 960 de
970 934 1010 960 re
1031 919 1207 960 minime
1229 920 1357 961 dubia
1387 919 1482 976 loqr
1490 933 1559 960 or:

1490 862 1562 904 lii
1595 878 1673 904 no-

1595 922 1675 963 hoc

146 985 285 1018 tamen
314 976 424 1029 dico,
446 992 533 1019 non
563 977 689 1020 modo
708 975 738 1018 5ἰ
759 977 893 1019 socius
914 977 1226 1032 coniurationia
1250 977 1317 1018 sed
1335 977 1412 1018 nisx
1433 993 1458 1018 ι
1464 994 1504 1018 ιι
1494 978 1570 1017 isni
1567 978 1611 1016 i
1601 979 1645 1018 ;”-5.
1653 1005 1673 1012 -

145 1048 240 1078 mus
283 1033 403 1076 istius
450 1034 610 1077 sceleris
650 1034 806 1087 fuisset,
839 1049 1054 1090 nunquam
1087 1034 1383 1091 conituationis
1415 1036 1743 1078 accusatione75

146 1086 462 1134 adolescentiam
477 1108 594 1135 suam
607 1092 873 1149 potissimum
890 1092 1181 1134 commendare
1194 1092 1406 1134 voluisset:
1422 1094 1548 1149 quod,
1566 1093 1675 1135 haud

138 1149 249 1200 nscio,
272 1164 326 1192 an
345 1150 394 1192 de
413 1150 589 1203 ambitu,
612 1160 651 1192 et
671 1150 720 1192 de
739 1149 983 1192 criminibus
1004 1149 1119 1192 istius
1149 1149 1352 1192 sodalium
1383 1165 1430 1192 ac
1462 1151 1678 1206 sequestzi·

147 1221 238 1259 um,
257 1208 455 1273 quoniam
485 1209 568 1250 huc
609 1207 750 1260 incidi,
774 1207 961 1250 similiter
988 1208 1323 1264 respondendum
1359 1218 1529 1271 putem·
1517 1240 1529 1260 ,
1564 1224 1676 1250 nun-

147 1277 273 1320 quam
291 1265 402 1309 enim
424 1274 508 1308 tam
532 1266 695 1308 Coelius
716 1281 859 1307 amens
881 1265 1037 1317 fuisset,
1066 1277 1112 1308 ut
1143 1266 1176 1307 si
1198 1280 1240 1307 se
1261 1265 1337 1307 isto
1359 1264 1522 1307 infinito
1543 1281 1576 1307 a
1567 1266 1677 1308 nbi-

144 1329 191 1363 tu
230 1323 591 1389 commaculasset,
613 1322 796 1366 ambitus
831 1323 1003 1365 alterum
1035 1333 1270 1365 accusaret:
1304 1338 1438 1380 neque
1469 1324 1555 1380 ejus
1577 1323 1675 1366 tacti
1692 1327 1746 1361 80

145 1377 191 1420 in
220 1379 346 1423 altero
379 1381 660 1438 suspicionem
689 1391 902 1438 quaereret,
935 1382 1052 1439 cujus
1092 1381 1177 1435 ipse
1221 1380 1300 1422 sibi
1348 1392 1585 1436 perpetuam
1624 1382 1676 1424 li-

149 1446 329 1481 centiam
344 1449 529 1503 optaret:
561 1454 655 1490 nec,
675 1454 710 1481 51
726 1439 803 1481 sibi
822 1439 943 1481 semel
963 1439 1190 1510 periculum
1211 1438 1393 1481 ambitus
1415 1439 1678 1482 subeundum

145 1504 320 1550 putaret,
343 1511 404 1552 lp:
391 1512 430 1538 e
458 1497 632 1539 alterum
668 1496 817 1539 iterum
847 1497 1029 1538 ambitus
1065 1512 1238 1538 crimine
1269 1505 1510 1538 arcesseret:

1564 1497 1675 1554 quod

145 1566 388 1616 quanquam
419 1569 496 1596 ΠΕΟ
528 1563 745 1618 saplenttelss
768 1564 808 1596 et
840 1569 908 1595 me
939 1564 1067 1595 anltO
1097 1553 1210 1605 stiClt,
1235 1568 1371 1595 [aulen
1394 1564 1455 1595 eSt
1470 1555 1675 1609 ejusmodi

147 1608 406 1676 cupiditatis,
418 1621 480 1663 ut,
501 1627 633 1668 magis
664 1611 852 1654 insectari
891 1610 1054 1653 alterius
1085 1611 1383 1662 innocentiam,
1415 1627 1542 1668 quam
1563 1612 1611 1654 de
1632 1628 1673 1654 se
1691 1617 1742 1653 85

771 1670 888 1711 Nam
917 1670 1031 1733 quod
1069 1685 1125 1710 aes
1160 1668 1341 1710 alienum
1365 1668 1577 1726 objectum
1596 1680 1672 1722 est,

148 1733 337 1780 sumptus
368 1725 617 1783 reprehensi,
654 1726 805 1768 tabulae
835 1726 1053 1783 flagitatae:

147 1666 295 1709 timide
316 1668 493 1726 cogitare
514 1669 710 1711 videatu'r.

1104 1726 1236 1768 videte
1264 1728 1392 1783 quam
1440 1742 1602 1782 pauca
1615 1743 1678 1770 re-

149 1782 390 1837 spondeam.
447 1783 644 1836 Tabulas,
664 1785 735 1843 qui
769 1783 814 1825 in
844 1784 968 1840 patris
1006 1793 1204 1840 potestate
1222 1794 1296 1837 est,
1319 1783 1452 1826 nullas
1474 1785 1673 1828 conficit:

192 2010 245 2042 61.
271 2011 374 2043 Oculis
386 2013 482 2053 priris,
495 2014 583 2054 queim
598 2013 758 2054 opinione]
799 2011 890 2044 Prius

147 2063 321 2098 patuerunt
336 2056 434 2088 oculis
451 2058 585 2088 crimina
612 2058 771 2096 Catilinae,
793 2061 889 2099 quain

147 2110 261 2131 eorum
272 2111 343 2132 reus
356 2101 556 2134 crederetur:
556 2114 631 2146 per
646 2101 790 2133 Fulviam
802 2103 889 2132 enini

147 2144 404 2186 conjurationem
416 2147 550 2188 acecpit,
561 2155 733 2188 antequam
745 2146 814 2188 con}
821 2157 892 2176 ura-

147 2196 257 2220 torum
271 2188 395 2222 litcrae
386 2201 420 2222 ιιι
437 2199 535 2233 ponte
552 2191 675 2222 Milvio
690 2190 822 2222 fuissent
839 2191 893 2221 de-

150 2233 285 2276 prehens
289 2245 326 2265 ae.

195 2278 245 2308 63.
268 2278 304 2308 Si
318 2279 384 2316 suit
399 2280 488 2310 eliam
506 2279 622 2317 Coelizts,
635 2279 706 2319 etc]
747 2279 780 2310 Si
810 2278 894 2312 inter

151 2327 202 2352 tot
229 2322 376 2354 Catilinae
404 2324 521 2354 amicos
551 2323 614 2354 fuit
644 2323 775 2359 Coelius,
795 2323 894 2366 longe

150 2364 264 2407 justius
278 2368 431 2409 conqueri
447 2367 526 2398 debe
530 2376 553 2403 t,
569 2379 600 2398 se
616 2368 648 2398 in
671 2367 817 2399 fraudem
843 2368 892 2398 in-

152 2410 285 2441 ductum
297 2411 402 2449 fuisse,
416 2420 452 2443 ut
466 2413 603 2444 Ciceros
591 2423 893 2454 saepcnumerocon·

152 2462 282 2495 questus
309 2463 367 2494 est,
385 2461 481 2498 quam
498 2458 602 2487 vereri
618 2467 657 2488 ne
673 2456 762 2487 istius
779 2456 893 2488 Catili-

152 2508 200 2528 nae
217 2498 358 2530 amicitia
371 2501 497 2531 crimini
516 2501 574 2532 sibi
590 2509 745 2532 vertatur.

196 2543 248 2572 77.
269 2543 494 2587 &qma-trium]
519 2547 700 2586 Sequestres
727 2544 779 2576 vel
805 2552 890 2583 sunt,

153 2593 281 2617 auctore
293 2587 410 2618 Budseo
414 2588 617 2631 ‚interpretes
626 2589 776 2626 ambitus,
782 2596 891 2621 etcor-

152 2631 404 2672 rumpendarum
419 2632 562 2664 tribuum
583 2642 741 2670 auctores,
764 2633 814 2664 vel
836 2634 891 2675 qui

153 2686 185 2706 se
202 2682 355 2716 tanquam
370 2676 564 2708 mediatores
573 2678 613 2709 ad
626 2677 736 2720 populi
751 2678 892 2720 gratiam

152 2730 213 2762 pro
229 2719 404 2750 candidatis
419 2722 637 2762 aucupandam
652 2722 872 2764 interponunt.

154 2785 159 2788 -
199 2764 249 2794 83.
273 2766 447 2794 Arcesseret.
451 2765 463 2804 ]
488 2765 561 2807 Jam
577 2776 674 2808 supra
688 2774 836 2798 notatum
848 2773 895 2797 est

156 2807 296 2840 Coeliurn
321 2808 461 2839 ambitus
484 2809 617 2840 crimine
644 2811 682 2842 L.
702 2811 895 2841 Atratinum

155 2852 252 2883 semel
277 2854 383 2884 accus
388 2863 445 2890 sse,
473 2855 672 2896 eundemque
713 2853 893 2886 absolutum

157 2895 274 2928 iterum
290 2907 455 2931 accusrsse.

1450 1843 1677 1891 Versuram

977 2012 1028 2043 83.
1052 2011 1141 2044 Quod
1151 2011 1352 2055 quanquam]
1389 2010 1479 2045 Dicit
1495 2010 1604 2045 Polam
1620 2023 1677 2055 pa-

933 2064 1016 2087 trem
1034 2056 1179 2087 Atratini
1192 2056 1355 2087 immerito
1370 2055 1465 2088 fuisse
1480 2066 1676 2096 accusatum,

934 2109 969 2132 ut
977 2101 1122 2142 judicum
1136 2100 1216 2131 vitet
1226 2100 1447 2139 offensionem,
1461 2102 1576 2144 quibus
1587 2112 1677 2134 carus

937 2154 1004 2176 erat
1020 2145 1151 2176 fortasse
1168 2144 1255 2176 Pola.

982 2191 1032 2220 87.
1048 2192 1102 2219 S'w
1095 2194 1189 2230 ruptus
1202 2189 1391 2230 reprehensi]
1417 2190 1565 2222 Valerius
1580 2197 1676 2222 testa-

938 2241 991 2265 tur
1017 2245 1081 2272 eoS,
1100 2234 1154 2275 qui
1181 2244 1264 2265 max.
1269 2245 1337 2265 mos
1359 2243 1504 2277 sumptus
1520 2235 1679 2273 fecissent,

937 2287 993 2309 aut
1010 2278 1129 2319 ingrati
1145 2278 1291 2316 fuissent,
1310 2286 1374 2310 aut
1389 2290 1431 2309 aes
1444 2279 1586 2311 alienum
1602 2290 1678 2310 con·

937 2323 1116 2358 traxissent,
1131 2322 1328 2364 gravissimis
1339 2323 1503 2366 suppliciis
1517 2324 1601 2367 apud
1611 2325 1680 2356 Ro-

937 2377 1048 2398 manos
1064 2367 1194 2398 affectos
1206 2367 1312 2398 fuisse.

982 2411 1027 2442 lb.
1055 2412 1158 2442 Tabul.
1160 2411 1362 2454 eflugieatae]
1395 2410 1502 2442 M’oris
1517 2410 1578 2442 fuit
1593 2411 1680 2454 apud

937 2457 1101 2487 Romanos
1118 2463 1153 2487 ut
1183 2464 1303 2497 patres·
1291 2456 1418 2487 -famili
1428 2467 1451 2493 s,
1480 2466 1679 2499 quaecunque

936 2511 994 2542 per
1010 2499 1151 2541 singulos
1168 2500 1245 2537 dies,
1265 2508 1320 2531 aut
1347 2501 1527 2541 acciperent
1550 2509 1605 2532 aut
1622 2512 1679 2533 ex-

936 2544 1085 2587 penderre
1089 2545 1325 2586 1r,eaprimum
1337 2544 1465 2595 proprie
1476 2554 1510 2574 ac
1525 2543 1678 2577 festinan·

937 2596 987 2620 ter
1011 2589 1042 2619 in
1073 2588 1216 2620 codicem
1248 2588 1407 2619 memoriae
1424 2591 1513 2619 eiust
1529 2598 1679 2630 paratum

935 2633 1104 2670 referrent,
1120 2644 1188 2675 quae
1209 2633 1385 2663 adv-crsiria
1407 2632 1608 2671 dicebantur.
1622 2635 1680 2666 de-

937 2677 1010 2709 inde
1027 2688 1084 2720 per
1100 2678 1203 2708 otium
1231 2678 1261 2707 in
1279 2676 1348 2708 aliis
1363 2677 1480 2708 tabulis
1502 2677 1625 2717 ordine,
1647 2686 1680 2711 et

938 2727 1084 2753 accurate-
1100 2720 1345 2770 perscriberent.
1391 2722 1452 2752 Eas
1478 2721 1602 2754 tabulas
1628 2734 1683 2754 ac-

938 2767 1014 2807 cepti
1029 2770 1057 2795 et
1066 2766 1186 2805 arpensi
1199 2764 1420 2796 nominabant.

984 2811 1033 2840 88.
1060 2811 1091 2841 2
1091 2810 1120 2839 ri
1135 2821 1166 2839 m
1179 2809 1279 2849 Patris
1304 2814 1448 2848 potestate
1470 2809 1537 2860 est3]
1568 2809 1681 2842 Filius-

937 2853 1056 2891 famili
1051 2865 1075 2884 =s
1091 2853 1214 2885 tabulas
1225 2863 1289 2884 non
1306 2853 1447 2891 conficit,
1468 2854 1543 2898 quia
1564 2863 1682 2897 praeter

1521 2898 1682 2942 peculium

1666 119 1748 161 219

1105 746 1194 789 Qui
1233 746 1342 788 enirn
1384 758 1522 789 tantus
1563 748 1673 790 furor
1693 750 1747 790 70
