1872 3140
478 161 542 203 IN
562 161 625 203 M.
650 158 980 205 ANTONIUM
1008 157 1337 202 PHILIPPICA
1366 157 1420 201 11.
1674 159 1757 199 405

162 275 347 325 censetis,
376 275 522 363 quipbus
552 291 710 329 eorum,
739 290 840 332 quos
872 284 1032 331 sperant
1051 273 1282 330 reipublicae
1301 270 1570 322 consulturos,
1597 270 1680 313 vita

159 345 239 375 tam
257 347 349 375 cara
368 344 441 374 sit.

731 445 1093 490 PERORATIO.

211 559 310 602 VII.
340 561 443 617 Cepi
481 560 675 612 fructum,
715 561 759 604 P.
803 547 852 602 C.
890 559 1129 601 reversionis
1167 574 1295 602 meae:
1325 559 1518 614 quoniam
1552 573 1599 600 ea
1632 568 1675 601 et

153 614 256 667 dixi,
286 629 347 668 ut,
377 619 611 685 quicunque
648 630 758 660 casus
779 628 1017 659 consecutus
1056 622 1224 667 esset,⁸
1246 627 1397 658 extaret
1436 627 1547 657 cons
1552 616 1674 658 antiae

149 689 253 716 meae
274 677 576 717 testimonium:
606 688 645 716 et
677 691 766 717 sum
801 690 824 715 a
858 674 970 714 vobis
989 671 1165 729 benigne
1200 688 1245 715 ac
1264 674 1479 729 diligenter
1499 674 1671 715 auditus

152 731 261 798 Quae
275 744 447 799 potestas
466 733 499 773 si
514 733 616 773 mihi
637 730 781 787 saepius
796 732 882 772 sine
902 744 994 771 meo
1015 744 1231 786 vestroque
1252 731 1431 795 periculo
1451 731 1536 779 fiet,
1556 742 1673 772 utar.

148 790 182 830 si
201 787 351 839 minus,
381 801 578 844 quantum
612 801 771 844 potero,
799 803 883 829 non
913 799 998 829 tam
1029 787 1130 828 mihi
1170 803 1251 837 me,
1282 801 1405 843 quam
1439 778 1669 841 reipublicae
1716 788 1742 826 5

148 848 375 888 reservabo.
434 846 540 887 Mihi
571 844 655 887 fere
674 847 766 887 satis
791 857 866 898 est,
898 845 1011 900 quod
1039 844 1139 895 vixi,
1168 846 1233 886 vel
1258 847 1308 885 ad
1329 856 1503 894 aetatem,
1534 845 1597 885 vel
1618 845 1670 886 ad

147 903 342 1000 glorliiam·
370 903 450 944 huc
471 904 501 943 si
523 904 622 958 quid
641 903 866 952 accesserit,
895 916 980 943 non
999 905 1084 942 tarn
1102 903 1205 944 mihi
1227 914 1349 957 quam
1369 901 1497 952 vobis,
1526 901 1666 956 reique

146 960 229 1014 pub
260 974 316 1002 cae
335 960 556 1001 accesserit.

785 1074 801 1093 ⁹
820 1080 1022 1124 appareret.

866 1596 921 1636 η’(

476 1755 563 1822 M.
626 1754 1400 1828 ANTONIUM.

608 1952 1065 2028 PHILIPPICA
1105 1949 1175 2001 ΙΙ.

659 2441 1121 2485 ARGUMENTUM.

191 2547 327 2593 GRA
314 2543 475 2595 sITER
492 2557 642 2606 offensus
652 2556 868 2595 Antonius
848 2573 870 2593 a
884 2556 1049 2595 Cicerone
1068 2554 1238 2594 Oratione
1252 2554 1384 2606 primi,
1398 2552 1517 2593 adesse
1526 2567 1601 2592 eum
1614 2555 1651 2593 in

140 2605 274 2647 Senatu
294 2609 409 2659 jussit
439 2609 553 2649 XIII.
572 2609 729 2648 Kalend.
759 2609 879 2648 octob.
935 2610 1017 2659 Ipse
1048 2607 1184 2648 interea*
1217 2608 1289 2646 dees
1326 2615 1382 2654 17.
1411 2608 1453 2644 de
1487 2607 1654 2645 Cicerone

135 2661 174 2698 in
208 2660 393 2698 Tiburtino
406 2662 593 2720 Scipionis
621 2662 859 2700 declamitavit
874 2668 908 2700 et
932 2662 1044 2701 XIII.
1075 2660 1230 2698 Kalend.
1259 2663 1296 2698 in
1326 2660 1431 2698 cedem
1450 2658 1654 2698 Concordiae

136 2715 249 2758 venit,
275 2720 381 2764 atque
399 2714 434 2751 iu
449 2716 647 2752 Ciceronem
674 2715 843 2755 absentem
863 2715 975 2752 multa
1008 2712 1202 2763 τιινρι33ἱνηὲ
1227 2713 1402 2750 evomuit:
1433 2714 1549 2750 zem're
1564 2713 1656 2750 enim

137 2763 261 2802 Cicero
276 2767 320 2803 ab
337 2767 458 2805 amicis
476 2767 675 2817 prohibitus
691 2772 759 2813 est,
776 2770 816 2805 ed
836 2768 928 2818 quod
946 2767 1122 2804 Antonius
1152 2766 1176 2801 α’
1205 2765 1369 2803 Cicerone
1398 2765 1501 2803 cedis
1515 2766 1658 2803 initium

136 2823 323 2867 quareret,
337 2818 580 2872 factumque
590 2825 796 2871 putaretur.
837 2820 983 2858 Absenti
1012 2818 1181 2872 quamtis,
1209 2819 1304 2857 velut
1324 2819 1493 2870 proesenti
1516 2829 1659 2906 resrpzn-

837 2879 862 2910 2
885 2884 906 2911 Ρ
923 2877 950 2910 2
1627 2873 1661 2904 et
