1887 3083
885 125 1048 170 VITA.
1692 134 1764 179 xiii

159 238 391 293 magnaque
410 234 450 276 vi
472 235 668 279 orationis
700 236 744 279 in
778 235 981 281 studiosos
1014 237 1210 295 potentiae
1233 252 1478 295 paucorum,
1512 251 1553 284 et
1574 242 1762 301 Pompeii

157 294 317 336 invidos
339 294 524 337 invectus
546 305 622 337 est.

516 406 733 448 ANNUS
766 407 943 449 URBIS
976 407 1269 449 CONDITAE
1302 411 1397 449 688.

287 497 385 536 Coss.
405 498 448 535 L.
471 497 620 536 Aurelio
642 498 760 543 Comi,
792 500 833 536 L.
852 500 1005 536 ElIanlz'o
1029 500 1221 548 Torquato,
1253 507 1338 536 ame
1365 499 1547 538 Christum
1566 504 1588 540 6
1602 508 1628 541 l.

603 553 634 588 C
637 554 790 591 iccromfs
818 552 1116 602 quadrage-simus
1132 553 1314 588 sccundus.

215 619 313 662 Hoc
331 636 441 664 anno
461 620 576 677 plura
596 621 805 677 contigere
822 619 1024 678 prodigia,
1048 636 1141 676 quae
1163 619 1345 662 versibus
1362 621 1578 678 descripsit
1592 624 1757 670 Cicero.

155 677 220 719 Ex
238 682 415 733 praetura
435 680 478 721 in
499 678 755 734 provinciam
779 677 892 719 abire
906 677 1065 730 noluit3
1100 677 1197 734 quia
1213 677 1257 719 in
1275 692 1434 719 annum
1457 692 1694 737 sequentem
1710 685 1760 727 de

156 736 371 777 consulatu
390 736 565 791 petendo
587 735 809 792 cogitabat.
873 735 1118 777 Cornelium
1138 735 1186 776 de
1209 735 1422 792 majestate
1440 739 1546 792 apud
1570 740 1628 783 Q.
1651 742 1755 784 Gal-

153 788 257 834 lium
282 792 502 835 Praetorem
526 794 745 850 quatriduo
774 792 982 835 defendit:
1018 794 1085 835 sed
1108 792 1272 835 illarum
1305 792 1542 837 orationum
1574 798 1754 856 reliquiae

154 849 345 905 qu'aedam
365 853 530 894 tantum
552 862 694 894 extant
713 851 820 908 apud
843 851 1097 893 Asconium.

514 962 732 1006 ANNUS
767 962 944 1005 URssis
977 961 1270 1022 CONDITgE
1293 966 1392 1011 689.

323 1054 423 1092 Coss.
442 1055 483 1092 L.
502 1055 605 1093 ιῙιιῖιό
626 1053 774 1099 Οιεεανε,
805 1055 845 1092 C.
868 1055 1022 1092 Marcio
1046 1056 1185 1103 Figulo,
1217 1064 1300 1093 ante
1319 1057 1499 1096 Christum
1518 1062 1579 1097 653.

625 1109 811 1146 Ciceronis
830 1110 1129 1159 quadragesimus·
1147 1111 1284 1145 tertius.

213 1177 328 1220 Cum
348 1193 505 1220 annum
520 1178 882 1235 quadragesimum
901 1176 1083 1227 tertium,
1101 1178 1170 1233 qui
1187 1178 1413 1220 consularis
1431 1190 1506 1232 est,
1527 1182 1677 1226 Cicero
1691 1195 1756 1228 at-

152 1235 325 1293 tigissct,
359 1236 620 1279 consulatum
656 1235 826 1293 petivit:
867 1235 1013 1292 inquo
1046 1236 1222 1291 petendo
1253 1239 1352 1278 cnm
1375 1253 1444 1280 sex
1465 1242 1756 1296 competitores

155 1294 337 1345 haberet,
370 1298 455 1337 una
474 1309 574 1336 voce
605 1293 746 1350 populi
785 1294 965 1336 Romani
999 1297 1157 1349 primus
1186 1294 1347 1336 Consul
1382 1297 1645 1342 renunciatus
1678 1312 1754 1345 est.

154 1351 273 1394 Csim
296 1361 433 1395 autem
464 1352 507 1394 in
538 1351 624 1394 dies
654 1351 822 1393 licentia
849 1351 1033 1393 ambitus
1063 1362 1278 1410 augeretur
1308 1363 1472 1409 propter
1500 1357 1756 1414 praecipuam

154 1408 350 1452 Catilinae
379 1419 419 1453 et
437 1409 617 1453 Antonii
639 1409 875 1462 audaciam,
909 1420 1123 1452 censuerat
1144 1411 1336 1463 Senatus,
1371 1421 1416 1453 ut
1436 1414 1484 1454 ad
1507 1413 1638 1472 legem
1661 1432 1755 1459 am-

154 1466 267 1509 bitus
294 1484 422 1524 poena
449 1468 609 1526 gravior
637 1468 862 1510 adderetur.
926 1468 1006 1510 Cui
1030 1469 1084 1509 rei
1118 1470 1218 1509 cum
1241 1470 1301 1512 Q..
1333 1470 1507 1512 Mucius
1537 1474 1755 1518 Orestinus

151 1524 366 1568 Tribunus
384 1526 515 1582 plebis
537 1526 845 1578 intercessisset,
869 1525 1043 1583 graviter
1057 1527 1211 1568 Senatu
1230 1525 1564 1572 intercessionem
1584 1530 1755 1587 ferente,

153 1582 304 1625 Cicero
321 1583 511 1636 surrexit,
544 1594 664 1641 atque
685 1584 728 1626 in
749 1583 975 1626 coitionem
997 1583 1194 1626 Catilinae
1212 1594 1252 1625 et
1270 1586 1449 1628 Antonii
1472 1586 1659 1632 invectus
1675 1602 1754 1645 est,

152 1640 297 1682 habita
325 1639 512 1683 oratione
542 1641 586 1683 in
615 1646 710 1698 toga
741 1641 931 1693 candida,
959 1645 1041 1698 qua
1060 1641 1284 1683 utebantur
1306 1642 1376 1699 qui
1399 1644 1664 1701 magistratus
1682 1664 1756 1705 pe*

152 1698 308 1741 tebant.
369 1700 468 1741 Hoc
500 1699 645 1741 eodem
683 1715 794 1741 anno
826 1700 884 1743 O..
922 1700 1107 1741 Gallium
1142 1700 1191 1741 de
1219 1701 1382 1743 ambitu
1413 1702 1610 1758 defendit,
1643 1709 1754 1765 quud

152 1757 347 1800 Praeturae
368 1757 611 1799 candidatus
631 1756 906 1816 gladiatorum
929 1773 1083 1800 munus
1105 1758 1296 1802 dedisset.

513 1869 733 1911 ANNUS
766 1870 944 1913 uasis
977 1869 1270 1912 CONDITAE
1295 1846 1390 1919 69'0.

372 1961 470 2001 Coss.
485 1962 546 2000 M.
570 1962 688 2000 Tullio
704 1962 892 2006 Cicerone,
922 1963 960 2000 C'.
974 1962 1150 2007 Antonio,
1181 1973 1264 2000 ante
1279 1963 1456 2002 Chr-istam
1471 1968 1533 2003 62.

408 2044 414 2049 Ι
613 2015 799 2054 Ciceronis
817 2016 1112 2067 quadrages-intas
1132 2026 1288 2067 (surmus.

207 2083 323 2127 Cam
342 2085 435 2129 Kal.
456 2085 666 2141 Januariis
687 2087 736 2128 de
753 2101 868 2128 more
890 2084 1168 2128 Consulatum
1190 2086 1343 2129 Cicero
1361 2087 1539 2140 iniisset,
1565 2089 1666 2133 vidit
1684 2094 1752 2134 ni-

146 2141 206 2187 hil
231 2158 316 2186 esse
333 2143 449 2196 mali,
481 2145 592 2201 quod
615 2160 699 2187 non
718 2143 818 2187 boni
835 2154 1081 2196 metuerent,
1111 2154 1150 2186 et
1167 2144 1346 2202 improbi
1369 2157 1661 2201 exspectarent.
1688 2152 1753 2194 Eo

151 2201 266 2244 enim
287 2212 474 2259 tempore
494 2202 626 2246 multa
645 2202 767 2245 multi
789 2202 1086 2253 moliebantur,
1119 2219 1166 2245 ac
1188 2203 1232 2245 in
1255 2202 1400 2260 primis
1420 2204 1599 2248 Tribuni
1621 2208 1751 2263 plebis

109 2296 112 2297 γ
149 2260 342 2303 Antonio
363 2260 469 2313 freti,
503 2261 830 2318 proscriptorum
852 2278 876 2315 a
897 2260 1013 2317 Sylla
1030 2260 1194 2314 liberos,
1227 2261 1297 2318 qui
1321 2262 1520 2318 petitione
1541 2265 1753 2309 honorum

150 2317 296 2373 privati
327 2328 457 2369 erant,
492 2320 541 2362 ad
573 2320 839 2377 magistratus
869 2319 1144 2361 adducebant.
1207 2319 1508 2378 Rulluslegem
1530 2321 1683 2366 ferebat
1702 2325 1752 2367 de

149 2375 257 2433 agris
277 2392 348 2434 per
369 2377 532 2420 Italiam
554 2377 808 2420 dividendis:
834 2376 1045 2419 Labienus
1067 2387 1211 2419 contra
1232 2377 1449 2421 Rabirium
1471 2379 1632 2423 tabulas
1654 2397 1749 2438 pro-

149 2434 350 2488 ponebat:
384 2435 588 2478 tumultus
610 2436 652 2478 in
674 2436 857 2478 Theatro
877 2445 1020 2477 contra
1040 2436 1255 2478 Othonem
1286 2447 1326 2478 et
1353 2436 1508 2493 equites
1540 2439 1749 2482 excitaba-

150 2500 230 2544 tur,
263 2492 415 2549 quibus
432 2493 617 2552 latalege
638 2493 698 2536 fas
719 2503 817 2545 erat,
853 2502 899 2535 ut
920 2492 961 2534 in
988 2493 1298 2550 quatuordecim
1330 2494 1525 2552 gradibus
1545 2495 1589 2537 in
1609 2498 1752 2541 Thea-

150 2556 213 2590 tro
235 2551 443 2594 sederent:
478 2551 663 2594 Catilina
692 2551 742 2594 de
772 2552 987 2594 evertenda
1017 2552 1176 2608 Repub.
1208 2552 1430 2609 cogitabat.
1491 2553 1635 2596 Athis
1655 2571 1750 2600 om-

149 2605 273 2649 nibus
289 2617 378 2651 tum
399 2608 507 2652 mira
527 2609 657 2652 animi
680 2608 934 2660 fortitudine,
968 2619 1058 2651 tum
1089 2609 1321 2652 admirabili
1348 2609 1584 2667 eloquentia
1604 2612 1752 2657 Cicero

148 2665 343 2709 occurrit.
393 2668 512 2710 Nam
532 2667 772 2710 Antonium
790 2667 990 2724 patientia
1003 2678 1041 2710 et
1057 2667 1257 2724 obsequio
1275 2666 1497 2726 mitigavit,
1515 2669 1633 2726 eique
1651 2673 1753 2714 Ma-

148 2722 384 2776 cedoniam,
401 2740 526 2782 quam
538 2725 704 2768 sortitus
717 2735 816 2779 erat,
833 2725 1090 2782 provinciam
1109 2725 1270 2778 detulit,
1294 2725 1455 2783 sibique
1477 2728 1662 2772 Galliam
1685 2745 1751 2773 as-

115 2810 117 2812 -
149 2781 345 2843 sumpsit,
363 2798 456 2839 quae
471 2783 663 2826 Antonio
678 2784 900 2826 obvenerat
917 2800 924 2825 ;
950 2783 1273 2840 proscriptorum
1292 2784 1442 2826 liberos
1459 2786 1544 2827 suis
1563 2786 1750 2830 inimici-

147 2846 231 2893 tus,
263 2839 378 2885 nulla
398 2841 575 2886 Senatus
596 2841 707 2886 mala
724 2842 873 2901 gratia,
895 2841 1212 2899 magistratuum
1235 2842 1393 2885 honore
1420 2842 1609 2901 privavit,
1630 2860 1698 2896 ne,
1720 2849 1754 2890 si

1036 2921 1039 2927 ·
1482 2915 1752 2959 capesserent,
