1872 3140
433 110 502 155 IN
531 108 599 153 Μ.
627 109 974 156 ANTONIUM
1004 110 1353 155 PHILIPPICA
1383 111 1444 155 ΙΙ.

1674 119 1755 156 441

150 223 284 280 primo
312 226 707 282 reprehendendum,
737 226 941 270 laudanda
970 227 1215 270 constantia.
1271 227 1340 270 Tu
1377 228 1472 269 vero
1496 225 1587 282 quis
1606 229 1677 269 es?

148 283 229 325 Cn.
252 282 438 339 Pompeii
459 283 576 326 liberi
597 285 784 340 primum
802 284 979 342 patriam
999 285 1264 342 repetebant3
1297 295 1383 327 esto
1402 300 1411 326 :
1444 283 1564 326 fuerit
1587 299 1680 340 par-

147 339 252 382 tium
293 339 383 383 haec
413 356 536 384 causa
567 342 834 386 communis:
867 342 1102 399 repetebant
1119 343 1216 385 deos
1237 343 1404 399 patrios,
1427 357 1530 394 aras,
1549 340 1680 394 focos,

144 396 272 441 larem
289 412 411 440 suum
434 397 695 452 familiarem,
717 400 761 442 in
781 416 876 457 quae
894 410 939 442 tu
959 400 1189 442 invaseras:
1223 400 1314 442 haec
1334 402 1434 442 cum
1456 408 1683 455 repeterent

143 453 269 497 armis
286 454 347 513 iis*
352 472 365 508 3
399 472 580 513 quorum
612 467 728 500 erant
755 458 932 515 legibus,
969 456 1059 512 (etsi
1083 459 1125 500 in
1147 457 1266 499 rebus
1290 456 1562 516 iniquissimis
1583 456 1687 514 quid,
1703 458 1758 497 60

144 519 278 567 potest
306 528 394 556 esse
425 514 532 572 aequi
549 516 587 568 ?)
621 524 762 557 tamen
792 525 877 557 erat
910 514 1195 572 aequissimum
1218 524 1362 557 contra
1384 515 1468 558 Cn.
1495 514 1681 572 Pompeii

142 568 292 613 liberos
311 571 396 614 Cn.
421 571 606 626 Pompeii
628 587 809 629 pugnare
829 582 1042 614 sectorem.

200 628 305 670 XIl.
338 630 410 671 An
431 639 475 671 tu
495 629 697 671 Narbone
715 645 878 672 mensas
900 629 1115 685 hospitum
1137 634 1237 672 cum
1258 645 1457 682 vomeres,
1477 629 1682 672 Dolabel-

144 684 183 726 la
213 700 286 741 pro
321 695 360 728 te
399 687 441 728 in
473 686 680 741 Hispania
715 687 957 729 dimicaret?
1006 688 1095 731 Qui
1134 689 1229 730 vero
1258 688 1462 730 Narbone
1494 688 1676 730 reditus?

141 751 182 783 et
199 752 339 785 tamen
360 744 585 801 quaerebat,
607 759 680 786 cur
698 760 776 801 ego
796 760 843 786 ex
864 744 955 800 ipso
985 760 1107 787 cursu
1136 755 1221 787 tam
1251 745 1390 788 subito
1412 745 1677 788 revertissem.

139 800 329 856 Exposui
362 816 507 855 nuper,
555 803 598 843 P.
625 802 679 844 C.
703 818 871 844 causam
905 803 1058 845 reditus
1109 803 1218 856 mei3
1263 802 1392 854 volui,
1432 803 1464 846 si
1496 818 1676 858 possem,

140 857 275 900 etiam·
295 868 391 900 ante
426 859 629 901 Kalendas
660 859 877 913 Januarias
908 861 1096 917 prodesse
1129 860 1396 917 reipublicae:
1428 875 1526 903 nam
1565 862 1675 918 quod
1701 866 1725 900 5

139 915 354 970 quaerebas
410 917 621 973 quomodo
671 918 898 971 redissem3
948 918 1134 974 primum
1183 919 1290 970 luce,
1340 933 1428 960 non
1475 919 1677 972 tenebris;

138 971 288 1014 deinde
334 990 432 1017 cum
481 974 627 1017 calceis
675 985 715 1016 et
758 979 870 1033 toga,
902 977 1027 1018 nullis
1064 991 1141 1019 nec
1171 976 1346 1034 gallicis,
1385 992 1462 1019 nec
1497 977 1677 1020 lacerna.

138 1030 202 1072 At
248 1031 374 1074 etiam
416 1031 593 1089 adspicis
636 1047 719 1084 me,
760 1044 799 1076 et
845 1033 1030 1090 quidem,
1080 1043 1127 1075 ut
1173 1034 1337 1085 videris,
1377 1034 1532 1076 iratus:
1566 1041 1580 1058 ²
1609 1050 1680 1076 nae

139 1095 188 1129 tu
210 1087 303 1145 jam
338 1103 508 1132 mecum
538 1090 582 1132 in
618 1091 790 1147 gratiam
823 1092 976 1143 redeas,
1017 1091 1050 1134 si
1082 1091 1203 1144 scias,
1244 1094 1373 1148 quam
1420 1107 1490 1134 me
1528 1092 1678 1148 pudeat

136 1145 338 1203 nequitiae
371 1156 470 1199 tuae,
501 1147 620 1204 cujus
658 1156 698 1190 te
735 1148 871 1206 ipsum
905 1164 994 1192 non
1030 1149 1172 1207 pudet.
1231 1150 1296 1191 Ex
1316 1148 1513 1192 omnibus
1535 1149 1676 1191 omni-
1704 1153 1755 1188 10

139 1217 215 1246 um
246 1204 409 1261 flagitiis
450 1205 614 1247 nullum
660 1207 822 1262 turpius
861 1205 960 1259 vidi,
1002 1207 1169 1249 nullum
1199 1206 1337 1250 audivi
1349 1224 1362 1260 3
1401 1207 1473 1266 qui
1518 1208 1682 1269 Magis-

139 1270 200 1302 ter
233 1261 437 1319 Equitum
473 1262 598 1305 fuisse
617 1263 692 1305 tibi
712 1264 907 1317 viderere,
929 1264 974 1307 in
1011 1264 1250 1322 proximum
1282 1280 1441 1307 annum
1473 1265 1680 1308 Consula-

138 1326 232 1361 tum
262 1328 432 1376 peteres,
463 1320 526 1362 vel
575 1321 715 1378 potius
755 1322 771 1347 ¹³
810 1320 985 1379 rogares,
1018 1339 1089 1380 per
1117 1322 1364 1379 municipia,
1405 1322 1674 1382 coloniasque

522 1476 538 1495 ²
549 1472 652 1510 certe‘.

184 1672 236 1704 57.
253 1672 356 1704 Fuerit
372 1673 457 1714 hren]
485 1671 593 1705 Patria
614 1672 792 1705 communis
818 1680 885 1705 erat

142 1717 344 1760 Pompeianis
360 1725 392 1749 et
407 1717 601 1749 caesarianis.

183 1762 238 1793 58.
252 1761 367 1804 Focum]
404 1762 461 1794 Ad
481 1762 568 1794 focos
589 1772 673 1794 sacra
687 1760 808 1793 fiebant
823 1760 882 1792 diis

138 1805 290 1844 Laribus,
315 1817 394 1849 quos
419 1807 579 1849 praecipue
602 1804 759 1848 religione
787 1805 883 1836 fami-

137 1850 190 1882 liae
214 1851 458 1890 venerabantur,
491 1851 593 1891 iisque
622 1860 691 1882 aras
717 1861 881 1882 consecra-

140 1894 228 1926 bant.

184 1939 235 1969 61.
252 1938 365 1969 Tamen
384 1944 450 1968 erat
471 1937 698 1980 aeqnissimum]
728 1939 761 1969 N
764 1947 804 1969 on
821 1937 883 1968 ini-

139 1993 240 2026 quum
267 1992 332 2013 esse
359 1981 540 2019 videbatur,
558 1982 582 2014 si
598 1990 757 2024 pugnaret
773 1984 882 2012 Anto-

138 2028 210 2060 nius
225 2037 285 2069 pro
311 2026 407 2058 rebus
429 2037 494 2058 non
520 2027 699 2064 reddendis,
715 2037 794 2069 quas
821 2025 881 2057 sibi

137 2071 281 2116 proprias
304 2071 528 2108 vindicaverat,
542 2078 655 2113 utpote
677 2080 757 2113 quas
771 2074 789 2102 a
811 2070 882 2102 Cae-

139 2127 207 2148 sare
219 2115 400 2147 redemerat
416 2116 447 2146 in
465 2115 623 2147 auctione.

185 2161 213 2191 1.
227 2159 401 2200 Narbona]
427 2159 551 2197 Narbo,
575 2159 631 2201 qui
655 2158 734 2190 olim
758 2158 880 2190 Marti·

138 2213 176 2234 us
190 2204 292 2236 dictus
303 2213 364 2242 est,
381 2203 491 2235 Gaffiae
508 2204 670 2235 Braccatae
686 2203 765 2235 olim
787 2203 880 2236 nobi-

130 2247 294 2280 lissimum
316 2248 507 2291 emporium,
520 2257 552 2281 et
574 2247 700 2280 colonia
715 2247 879 2280 Romano-

138 2302 225 2323 rum.

184 2337 214 2367 2.
232 2336 290 2367 Pro
300 2340 329 2367 te
336 2335 514 2375 dimicaret]
539 2335 617 2367 Cum
629 2336 793 2368 dimicaret
809 2337 879 2368 Do-

139 2379 265 2419 labella,
296 2390 337 2412 ne
371 2379 564 2423 Respublica
592 2390 624 2413 et
649 2380 878 2423 patrimonium

139 2435 233 2456 auum
248 2424 410 2467 direptum
426 2425 466 2456 ab
477 2425 625 2456 Antonio
636 2426 797 2468 perderet,
808 2428 880 2456 An-

140 2467 247 2500 tonius
261 2469 328 2511 ipse
339 2468 491 2500 Narbone
507 2469 642 2511 crapulae
659 2480 690 2500 se
706 2469 812 2501 dabat.

184 2513 231 2543 lb.
249 2514 311 2544 Qui
325 2515 390 2544 verb
406 2514 554 2544 Narbone
567 2514 677 2544 reditus
685 2513 715 2556 ἓ]
749 2516 879 2556 Argue·

139 2565 186 2589 rat
201 2557 343 2590 reditum
359 2557 519 2589 Ciceronis
544 2558 682 2589 Romam
698 2559 880 2596 Antonius;

139 2609 173 2633 at
188 2601 341 2638 ostendit,
354 2600 448 2644 longe
463 2602 682 2644 turpissimum
708 2613 746 2636 ex
777 2602 880 2633 Gallia

139 2645 279 2676 Antonii
294 2645 408 2683 suissc3
433 2646 528 2677 rediit
544 2646 627 2676 enim
644 2647 757 2678 Cicero
772 2655 807 2678 ut
825 2658 878 2689 pa-

138 2690 207 2722 tri-1²,
231 2689 408 2721 consuleret
434 2690 467 2720 in
494 2689 648 2721 electione
679 2691 878 2729 Consulum;

139 2743 171 2765 at
185 2734 350 2765 Antonius
363 2733 470 2771 rediit,
485 2734 560 2776 quia
582 2734 702 2766 audivit
719 2736 880 2767 Caesarem

138 2777 343 2810 interfectum
360 2788 444 2816 ωας
467 2788 500 2810 et
515 2778 649 2811 domum
675 2787 772 2812 noctu
794 2779 881 2813 venit

123 2833 125 2836 ¹
139 2830 223 2856 veste
237 2822 344 2855 servili
361 2822 502 2856 indutus.

1072 1473 1232 1523 bflagz'ta
1237 1486 1297 1510 res.

970 1674 1001 1703 7.
1020 1671 1088 1703 Nec
1100 1672 1243 1713 gall1·cis.]
1273 1671 1407 1704 Gallicae
1422 1671 1553 1705 fuerunt
1570 1671 1675 1713 soleae,

927 1723 960 1748 et
976 1716 1191 1748 calceamenta
1206 1716 1477 1749 effoeminatorum
1493 1717 1675 1758 hominum,

927 1759 1042 1803 quibus
1057 1761 1107 1792 uti
1121 1761 1202 1792 viros
1217 1761 1405 1792 indecorum
1423 1770 1501 1793 erat.

971 1805 1018 1836 lb.
1036 1804 1202 1848 Lucerna]
1241 1807 1383 1836 Lucerna
1400 1805 1485 1837 idem
1502 1812 1547 1836 est
1564 1815 1599 1837 :tc
1615 1816 1672 1848 pe-

926 1849 1014 1888 nula,
1029 1858 1061 1881 et
1072 1849 1252 1881 vestimenti
1267 1860 1366 1892 genus
1381 1850 1518 1886 brevius,
1529 1861 1594 1890 quo
1609 1849 1672 1881 mi-

927 1893 1000 1925 lites
1031 1894 1223 1932 utebantur3
1254 1893 1440 1925 indecorum
1477 1902 1583 1925 autem
1608 1894 1671 1926 fuit

929 1940 1114 1969 Senatorem
1130 1948 1203 1968 cum
1220 1938 1345 1969 lacem-3
1371 1948 1403 1970 et
1423 1938 1546 1981 gallicis
1562 1940 1601 1969 ad
1617 1950 1671 1970 co-

925 1982 1017 2014 mitia
1034 1982 1244 2014 Consulatum
1261 1982 1440 2024 petiturum
1455 1983 1573 2014 venire.

974 2028 1024 2056 ll.
1054 2027 1096 2058 M
1098 2028 1208 2066 agister
1231 2028 1378 2068 Equitum
1393 2027 1552 2068 viderere]
1592 2027 1668 2058 Non

925 2070 986 2103 sibi
999 2070 1105 2104 videri
1117 2071 1213 2103 debet
1228 2075 1333 2103 revera
1348 2070 1443 2103 fuisse
1458 2081 1549 2102 verus
1565 2072 1670 2114 magi-

926 2124 990 2146 ster
1004 2115 1149 2157 equitum
1169 2115 1344 2152 Antonius,
1360 2116 1436 2158 quia
1455 2115 1537 2146 hanc
1562 2116 1670 2159 digni·

925 2168 1027 2192 tatem
1044 2163 1193 2202 oppressa
1210 2159 1388 2202 Republica
1403 2160 1554 2192 obtinuit.

972 2205 1020 2235 13.
1053 2205 1249 2246 Coloniasqne
1275 2204 1411 2247 Gallim]
1450 2205 1536 2236 Cium
1567 2204 1669 2236 audiit

923 2248 1088 2280 Antonius
1101 2249 1205 2280 redire
1223 2251 1239 2279 ὰ
1255 2247 1359 2279 Gallia
1381 2250 1540 2280 caesarem
1563 2249 1596 2280 in
1614 2259 1669 2280 ur-

923 2293 1009 2330 bem,
1020 2293 1058 2324 ad
1073 2303 1146 2324 eum
1162 2293 1249 2324 venit
1266 2292 1331 2330 ille,
1349 2300 1385 2324 ut
1408 2293 1518 2324 favore
1530 2293 1669 2324 munici-

924 2337 1066 2379 piorum,
1081 2345 1113 2368 et
1133 2337 1330 2378 coloniarum
1347 2349 1415 2379 quae
1431 2346 1521 2369 erant
1538 2338 1570 2368 in
1589 2337 1669 2368 Gal-

925 2381 977 2418 list,
995 2382 1079 2413 illius
1091 2381 1123 2412 in
1137 2381 1312 2412 Consulatu
1325 2382 1449 2424 collega
1461 2382 1551 2413 fieret
1563 2394 1572 2420 ;
1595 2392 1670 2412 nam

924 2426 1099 2468 municipia
1114 2434 1147 2457 et
1161 2425 1294 2456 coloniae
1308 2426 1360 2467 jus
1374 2425 1535 2458 habebant
1558 2426 1671 2458 civita-

925 2470 978 2507 tis,
993 2478 1024 2501 et
1041 2469 1136 2501 dandi
1153 2469 1298 2511 suffragii
1314 2470 1346 2500 in
1357 2471 1497 2502 comitiis
1509 2471 1670 2502 Consula-

923 2514 1034 2552 ribus;
1058 2515 1097 2545 ad
1114 2525 1184 2556 quae
1203 2524 1277 2546 curn
1291 2514 1415 2555 gallicis
1427 2523 1459 2546 et
1476 2515 1599 2546 lacerna
1617 2527 1672 2546 ve-

924 2559 973 2590 nit
998 2566 1181 2601 rogaturus,
1209 2566 1245 2589 ut
1268 2569 1327 2600 pro
1351 2570 1382 2589 se
1410 2560 1492 2601 apud
1511 2560 1671 2591 Caesarem

925 2603 1171 2635 intercederent.
1218 2603 1252 2632 Id
1273 2610 1381 2633 autem
1398 2603 1605 2635 vehementer
1617 2615 1671 2635 ar·

923 2647 995 2688 guit
1014 2647 1128 2678 Cicero
1144 2646 1233 2685 quasi
1251 2646 1390 2678 alienum
1402 2647 1420 2676 a
1436 2658 1526 2678 more
1538 2658 1671 2679 consue-

924 2692 1100 2732 tudineque
1131 2691 1367 2724 Romanorum.
1392 2691 1447 2733 qui
1464 2702 1527 2722 non
1545 2703 1674 2735 rogare,

926 2736 980 2766 sed
1010 2743 1116 2776 petere
1148 2734 1358 2766 Consulatum
1388 2734 1530 2767 serebant
1557 2743 1574 2767 a
1604 2748 1630 2767 wi
1649 2748 1676 2767 is

925 2779 1035 2828 probis
1049 2791 1055 2807 :
1079 2777 1146 2855 pffl
1164 2778 1296 2828 quidem
1312 2785 1454 2821 poterat,
1465 2780 1518 2813 sed
1528 2782 1593 2813 tion
1606 2787 1674 2812 emt

925 2821 1074 2866 precibus
1091 2833 1107 2856 c
1145 2822 1333 2866 agitandus.
1520 2829 1526 2834 ”
1640 2868 1654 2912 l

1570 2879 1636 2922 Ga
1664 2892 1676 2900 ·
