1872 3135
0 294 5 311 1

7 250 24 283 ‹-

478 122 713 185 ‚ORATIO
746 122 856 165 PRO
887 120 1142 174 ARCHIA,
1175 120 1382 164 POETA.

130 239 278 284 bantur
298 240 427 296 quam
448 253 561 281 nunc
592 237 737 280 iisdem
759 238 801 279 in
821 237 1008 292 oppidis:
1040 246 1080 278 et
1100 237 1169 278 hic
1190 237 1335 279 Romae
1356 243 1518 291 propter
1534 247 1646 279 tran·

123 298 368 356 quillitatem
388 296 542 352 reipub.
565 310 649 338 non
671 294 992 351 negligebantur.
1054 293 1197 350 ltaque
1213 295 1325 336 hunc
1346 306 1384 334 et
1413 294 1642 346 Tarentini,

122 366 162 397 et
182 353 375 412 Rhegini‚
401 364 440 395 et
470 352 735 408 Neapolitani
759 352 918 393 civitate
939 351 1175 408 caeterisque
1210 351 1388 408 praemiis
1408 351 1640 393 donarunt:

119 421 160 454 et
191 426 352 463 omnes,
378 411 448 467 qui
480 409 633 466 aliquid
671 410 720 451 de
759 408 934 466 ingeniis
970 417 1156 464 poterant
1181 408 1382 465 judicare,
1405 409 1641 465 cognitione
1665 417 1712 451 15

118 478 241 526 atque
262 468 440 524 hospitio
470 467 643 523 dignum
663 466 963 508 existimarunt.

1026 466 1120 506 Hac
1141 468 1256 506 tanta
1271 464 1499 508 celebritate
1518 464 1641 508 falnae

117 528 217 568 cum
251 537 355 567 esset
385 526 470 577 iam
490 524 727 567 absentibus
751 534 888 574 notus,
912 523 1236 573 Romanrvmiit,
1259 523 1396 564 Mario
1417 522 1586 565 consule
1600 533 1641 566 et

115 582 267 625 Catulo
284 599 297 636 3
331 574 477 624 nactus
495 592 556 622 est
577 581 759 636 primum
781 579 969 621 consules
982 593 1066 629 em,
1085 594 1263 635 quorum
1280 580 1377 621 alter
1394 595 1454 621 res
1471 580 1519 622 ad
1541 581 1640 623 scri-

111 639 298 683 bendum
319 640 538 689 maximas,
561 639 658 680 alter
674 640 773 679 etim
794 651 854 677 res
872 646 1020 691 gestaS,
1044 645 1133 676 tum
1153 635 1276 678 etiam
1308 637 1488 678 studium
1516 646 1639 694 atque

113 712 230 739 aures
265 697 457 738 adhibere
488 703 644 750 posset5
679 695 860 749 statimq.
893 691 1076 742 Luculli,
1099 693 1199 733 etun
1221 702 1479 748 praetextatus
1513 695 1638 738 etiam
1657 706 1712 740 20

113 764 205 796 tum
235 751 412 796 Archias
432 761 550 803 esset,
572 766 668 792 eum
687 751 862 792 domum
879 763 996 790 suam
1018 758 1267 805 receperunt.

1329 750 1408 791 Sed
1426 752 1538 793 enim
1555 753 1635 794 hoc

112 826 198 853 non
213 812 350 853 solum
371 807 525 866 ingenii
546 822 593 849 ac
610 807 832 858 literarum,
855 809 998 848 verum
1019 806 1141 847 etiam
1163 816 1319 848 naturae
1336 812 1458 864 atque
1478 809 1637 851 virtutis

109 868 203 919 fuit,
226 878 272 910 ut
302 867 466 916 domus,
503 880 598 922 quae
635 864 758 921 hujus
795 863 1080 905 adolescentia:
1101 864 1232 915 prima
1249 863 1384 915 fuerit,
1406 865 1548 906 eadem
1568 881 1633 906 es-

110 935 168 969 set
188 923 506 968 familiarissima
525 921 741 965 senectuti.
800 922 900 963 Erat
937 921 1192 976 temporibus
1232 920 1309 963 illis
1337 921 1551 978 jucundus
1573 924 1633 966 Q.

148 1293 195 1324 12.
222 1293 326 1325 Rom
337 1299 459 1334 propter
473 1290 748 1335 tranquillitatem]
770 1292 843 1324 Pri-

99 1336 147 1368 mi
159 1337 303 1368 Romani
315 1337 423 1369 literas
432 1337 654 1380 neglexerunt,
662 1337 716 1368 sed
728 1338 844 1368 poetas

99 1379 274 1423 principue,
290 1381 346 1413 uni
361 1382 423 1413 arti
438 1381 571 1413 militari
588 1380 701 1412 dediti·
747 1381 842 1412 Unde

99 1425 196 1462 cato,
210 1424 242 1456 in
258 1425 416 1463 oratione,
435 1428 481 1457 M.
501 1424 663 1456 Nobiliori
689 1433 842 1467 tanquam

98 1468 256 1510 probrum
267 1468 397 1511 objecit,
407 1470 492 1511 quod
505 1469 536 1499 in
548 1469 744 1511 provinciam
759 1471 840 1500 Poe-

98 1521 147 1543 tas
160 1512 299 1545 duxisset
313 1524 322 1551 3
345 1521 378 1544 at
392 1514 467 1545 curn
481 1511 684 1554 tranquillior
696 1513 780 1544 facta
793 1523 840 1545 est

95 1556 225 1598 respub.
253 1556 460 1589 contulerunt
479 1568 512 1588 se
534 1556 672 1587 Romani
688 1558 727 1587 ad
743 1557 838 1588 disci-

95 1599 200 1642 plinas
213 1600 412 1639 excolendas,
429 1611 507 1644 quas
527 1603 544 1630 a
565 1600 688 1632 Graecis
707 1611 838 1644 accepe-

94 1651 182 1675 runn

142 1688 194 1718 13.
218 1685 389 1724 Tarentini,
411 1687 480 1729 etta]
517 1687 688 1719 Tarentini
724 1687 836 1729 populi

94 1738 168 1764 sunt
183 1731 217 1764 in
230 1732 352 1773 majore
368 1732 547 1769 Graecia‚id
558 1740 616 1769 est,
627 1732 660 1763 in
674 1732 835 1769 Calabria,

92 1783 126 1807 et
140 1775 173 1807 in
186 1775 362 1818 Campania
375 1775 414 1806 ad
429 1786 519 1807 oram
536 1776 743 1814 maritimam,
758 1776 835 1807 Sici-

90 1819 167 1852 liam
181 1820 298 1857 versus,
312 1819 367 1851 ubi
383 1819 443 1850 sita
459 1820 614 1862 Neapolis
628 1827 686 1851 est.

140 1865 190 1894 14.
204 1864 336 1895 Civitate
345 1863 520 1907 donarunt]
536 1866 584 1896 Ex
593 1865 663 1906 jure
674 1865 834 1902 Romano,

89 1917 187 1940 nemo
199 1907 335 1939 duarum
347 1906 514 1940 civitatum
524 1908 600 1939 civis
609 1919 673 1939 esse
683 1915 811 1950 poterat
823 1920 832 1946 ς

91 1951 132 1984 de
147 1962 211 1994 quo
228 1951 301 1982 vide
317 1952 408 1983 Orat.
429 1962 488 1994 pro
509 1952 648 1984 Caecina.
680 1955 730 1983 At
747 1952 831 1984 inter

88 1995 166 2027 alias
196 1995 343 2028 civitates
372 1995 505 2038 quisque
536 1997 730 2027 diversarum
758 1996 831 2036 jure

87 2039 229 2082 gaudere
241 2047 378 2082 poterat.
402 2040 571 2072 Tarentini
581 2042 668 2078 vero,
675 2039 830 2083 Rhegim’,

86 2091 121 2116 et
137 2083 342 2125 Neapolitani
353 2092 443 2115 erant
456 2084 584 2116 cix-itate
598 2084 720 2115 donati.

135 2128 184 2159 16.
198 2127 360 2171 Hos-pista]
383 2129 462 2160 Mos
477 2128 652 2160 invaluerat
668 2128 731 2160 illis
746 2135 829 2160 tem-

88 2171 231 2214 poribus,
245 2179 282 2203 ut
311 2171 441 2204 urbium
465 2173 662 2205 diversarum
683 2172 765 2204 cives
777 2173 829 2214 jus

84 2215 171 2247 inter
199 2226 231 2248 se
268 2216 387 2258 privati
423 2217 555 2259 hospitii
589 2217 827 2248 contraherent.

86 2259 232 2302 Hospitii
243 2267 352 2292 autem
363 2261 561 2292 necessitudo
575 2269 645 2292 tum
661 2260 745 2292 inter
757 2261 825 2303 pri-

83 2312 183 2342 vatos,
200 2311 272 2336 tum
285 2303 371 2336 inter
393 2305 528 2348 populos
553 2304 821 2336 contrahebatur:

84 2357 190 2390 neque
216 2347 249 2380 id
268 2348 410 2390 quidem,
433 2349 544 2386 modo,
557 2349 612 2381 sed
627 2349 723 2380 etiam
739 2349 825 2381 inter

83 2390 226 2434 singulos
237 2393 440 2435 privatosque
452 2393 610 2431 homines,
623 2400 655 2424 et
668 2393 824 2426 civitates.

85 2435 186 2478 Qod
195 2435 278 2467 inter
291 2437 424 2479 populos
436 2437 544 2470 Latini
557 2437 731 2479 hospitium
743 2438 824 2480 pub·

82 2479 193 2517 licum,
211 2479 318 2510 Graeci
333 2480 498 2521 προξενίαν,
509 2481 595 2524 quod
611 2482 695 2512 inter
717 2482 824 2524 priva-

83 2530 133 2555 tes
147 2530 180 2554 et
192 2522 334 2565 singulos
355 2524 528 2564 privatum,
549 2525 657 2557 Graeci
679 2524 826 2564 ῖδιοξενίαν

80 2574 272 2598 vocaverunt
285 2578 295 2604 ;
327 2565 422 2608 hujus
445 2577 514 2600 erat
540 2579 617 2601 nota
643 2569 824 2611 pignusque

79 2618 198 2642 tessera
212 2609 398 2652 hospitalis;
421 2613 505 2644 unde
521 2613 606 2655 apud
623 2613 774 2644 Plautum
790 2613 824 2644 in

81 2654 205 2687 Poenul.
223 2655 322 2686 Deum
336 2655 507 2696 hospitalem
515 2664 544 2688 ee
560 2661 698 2689 tesseram
713 2665 824 2689 mecum

70 2701 156 2738 sero.

131 2743 178 2774 17.
202 2742 312 2774 ,Mario
328 2742 447 2774 consule
454 2749 483 2774 et
496 2743 629 2787 Gamla]
652 2747 753 2778 Anno
767 2754 822 2785 ur-

78 2783 128 2818 bis
139 2787 278 2821 eondjtae
295 2787 372 2818 650.
391 2787 520 2820 Marius
539 2795 574 2821 et
588 2788 725 2823 catulus
743 2798 824 2822 coss.

77 2829 218 2864 fuerunt.

936 1293 983 1324 18.
1002 1292 1134 1323 Quorum
1151 1291 1250 1333 altem]
1269 1291 1397 1323 Marius
1407 1298 1553 1334 quartum
1564 1292 1629 1336 jam

885 1335 1084 1367 consulatum
1102 1336 1228 1378 agebat,
1239 1343 1271 1366 et
1282 1344 1372 1378 capto
1385 1335 1556 1378 Jugurthss,
1573 1337 1628 1368 de-

884 1380 978 1411 victis
994 1379 1322 1417 Cimbris‚Teut0ni<,
1340 1389 1371 1410 et
1395 1381 1632 1419 Ambronibus,

883 1423 1043 1455 scribendi
1059 1424 1196 1455 maxima
1207 1432 1392 1465 argumenta
1409 1424 1550 1456 dederat.
1576 1426 1629 1456 De

884 1468 978 1500 rebus
994 1468 1061 1510 ejus
1077 1468 1174 1511 gestis
1189 1467 1259 1498 vide
1275 1467 1495 1507 Plutarchum,
1510 1468 1542 1498 in
1559 1469 1625 1510 ejus

883 1511 957 1543 vita.

931 1557 979 1587 19.
1003 1555 1089 1587 Alter
1104 1557 1170 1586 cam
1197 1566 1244 1586 res
1262 1555 1383 1596 gestas]
1431 1556 1482 1587 De
1511 1555 1627 1588 Catulo

883 1597 1053 1641 magnifice
1068 1599 1224 1640 loquitur,
1241 1599 1274 1630 in
1290 1599 1347 1631 iib.
1365 1601 1394 1630 3.
1411 1601 1448 1630 de
1465 1602 1558 1631 Orat.

927 1644 978 1673 20.
1005 1643 1150 1683 Luculli]
1175 1643 1341 1674 Luciuset
1356 1645 1490 1676 Marcus
1502 1644 1624 1676 Lucul-

880 1686 929 1718 lus
953 1686 1067 1718 fratres
1090 1686 1189 1718 suere.
1236 1688 1357 1719 Lucius
1371 1695 1478 1718 autem
1493 1688 1532 1719 de
1552 1689 1623 1720 Mi-

879 1731 1020 1762 thridate
1034 1739 1065 1762 et
1079 1731 1237 1772 Tigrane,
1255 1732 1388 1762 Marcus
1402 1734 1477 1762 vero
1489 1732 1525 1763 de
1544 1734 1620 1763 Ma-

878 1775 1010 1806 cedonia
1031 1774 1255 1816 triumphavit.
1303 1776 1354 1806 De
1377 1775 1481 1806 Lucio
1510 1776 1620 1809 scribit

879 1818 1084 1856 Plutarchus,
1095 1818 1250 1861 plurimos
1260 1819 1553 1861 pulcherrimosque
1567 1832 1620 1851 co-

877 1863 978 1905 egisse
993 1862 1104 1900 libros,
1121 1870 1153 1893 et
1164 1863 1306 1894 studioso
1318 1864 1432 1905 cuique
1443 1863 1617 1896 bibliothe-

876 1917 944 1938 cam
970 1917 1060 1938 suam
1087 1910 1246 1949 perpetuo
1261 1908 1430 1949 aperuisse,
1445 1907 1553 1949 ibique
1570 1907 1620 1938 lo-

876 1951 1015 1992 quendo,
1030 1950 1179 1992 legendo,
1196 1951 1397 1993 disputando,
1411 1951 1618 1993 diemjucun-

875 1997 913 2026 dt·
930 1997 1061 2026 Graecos
1071 1994 1224 2037 posuisse,
1237 2006 1315 2037 quos
1327 1995 1466 2033 fovebat,
1477 1995 1614 2035 colebat,

874 2039 1032 2070 conviviis
1068 2039 1267 2080 excipiebat;
1305 2039 1444 2081 denique
1470 2040 1617 2080 proprios

874 2083 965 2120 lares,
983 2082 1115 2114 liberam
1132 2084 1396 2125 Graecorum‚qui
1413 2085 1549 2115 Romam
1565 2095 1618 2115 ve·

873 2126 1017 2165 mebant,
1038 2127 1140 2158 aulam
1155 2127 1276 2159 secisse.

918 2171 965 2203 lb.
989 2171 1214 2214 Prae-uatus]
1240 2170 1346 2202 Vestis
1364 2170 1427 2202 fuit
1442 2182 1615 2213 puerorum

872 2215 1031 2247 nobilium
1057 2223 1089 2246 et
1105 2215 1319 2257 ingenuorum
1343 2216 1426 2257 apud
1450 2217 1615 2246 Romanos

867 2264 1030 2301 praeno,
1044 2261 1103 2297 qua
1130 2259 1302 2290 utebantur
1330 2261 1369 2289 ad
1395 2269 1513 2290 anuum
1529 2259 1618 2290 deci«

870 2315 958 2335 mum
974 2303 1133 2346 quintum.
1180 2302 1343 2334 Credibile
1359 2312 1406 2334 est
1421 2303 1615 2345 provectiori

869 2355 964 2379 aetate
987 2348 1082 2379 fuisse
1100 2347 1270 2385 Archiam,
1291 2355 1322 2378 at
1347 2347 1409 2378 dici
1425 2351 1442 2378 a
1459 2347 1615 2378 Cicerone

870 2393 1098 2428 Praetextatum,
1124 2394 1224 2430 quod,
1248 2391 1324 2422 licet
1342 2391 1478 2433 juvenis,
1493 2399 1610 2429 tamen,

869 2444 1002 2478 propter
1017 2435 1184 2478 ingenium
1197 2443 1229 2467 et
1241 2436 1434 2471 doctrinam,
1445 2434 1528 2476 apud
1543 2436 1612 2466 Lu-

869 2480 970 2512 cullos
986 2488 1134 2521 receptus
1144 2488 1203 2515 est,
1219 2488 1251 2511 ct
1267 2480 1402 2511 donam<
1419 2478 1555 2510 cix-itate.

912 2525 965 2554 24.
989 2525 1239 2555 Familiarissima
1253 2523 1417 2563 senectuti]
1458 2522 1540 2554 Vult
1562 2532 1613 2554 os-

868 2569 997 2600 tendere
1011 2568 1126 2599 Cicero
1141 2572 1230 2598 tanta
1255 2567 1350 2599 fuisse
1372 2565 1534 2608 probitate
1545 2569 1627 2605 At·-⁴

869 2612 985 2649 chiam,
996 2619 1032 2644 ut
1047 2611 1182 2643 eandem
1193 2611 1331 2648 laudem,
1341 2620 1437 2652 quam
1454 2609 1613 2652 sibijuve-

868 2656 917 2688 nis
947 2655 1178 2693 vindicaverat,
1192 2656 1233 2686 ad
1257 2663 1433 2687 extremam
1449 2664 1548 2696 usque
1563 2665 1613 2686 se·

812 2721 821 2728 -
868 2707 1032 2732 nectutem
1047 2700 1227 2731 retinuerit.

913 2743 960 2775 lb.
989 2743 1009 2774 I
1010 2743 1058 2774 llis
1062 2742 1240 2782 jucundus]
1281 2742 1393 2774 Multa
1418 2751 1512 2786 grata
1526 2752 1613 2785 sunt,

867 2797 942 2831 quae
957 2797 1022 2818 non
1032 2794 1105 2819 sunt
1116 2786 1278 2829 jucunda3
1301 2796 1333 2819 at
1346 2787 1428 2818 nihil
1437 2788 1614 2830 jucundum

871 2843 936 2865 esse
948 2837 1067 2873 potest,
1080 2831 1167 2874 quod
1175 2841 1240 2863 non
1256 2831 1296 2864 sit
1311 2839 1453 2875 gratum.

917 2887 949 2913 0
964 2878 973 2885 “
1447 2873 1622 2918 Metello

1647 132 1722 172 195
