1872 3140
68 150 152 190 ωε
549 110 637 185 M.
668 141 875 183 TULLII
907 141 1234 185 CICERONis

151 259 259 303 beati
283 257 469 315 putandi,
490 255 677 312 quamvis
700 253 990 296 consenuerint
1023 253 1140 307 vires,
1174 264 1295 311 atque
1325 253 1569 296 defecerint:
1602 250 1678 294 etsi

155 318 232 362 ista
254 317 339 373 ipsa
369 315 539 356 defectio
562 313 708 354 virium
729 312 1013 354 adolescentia:
1040 311 1148 353 vitiis
1172 311 1345 353 efficitur
1366 311 1532 367 saepius,
1551 311 1682 366 quam

158 374 376 417 senectutis
395 389 405 424 3
440 370 659 412 libidinosa
678 369 832 412 etenim
854 378 893 409 et
909 367 1185 424 intemperans
1205 367 1474 409 adolescentia
1493 368 1683 410 effoetum

161 447 308 486 corpus
329 429 449 481 tradit
464 428 677 469 senectuti.
741 428 874 482 Cyrus
888 424 1053 480 quidem
1069 427 1174 481 apud
1193 426 1518 481 Xenophontem
1534 439 1580 466 eo
1597 437 1682 465 ser-

87 498 143 533 30
162 503 302 539 mone,
326 501 448 543 quem
471 485 650 526 moriens
672 484 831 535 habuit,
856 484 956 523 cum
977 483 1203 524 admodum
1225 498 1348 523 senex
1367 492 1485 534 esset,
1507 490 1627 538 negat
1644 494 1687 522 se

165 559 350 600 unquam
379 543 566 593 sensisse,
600 551 850 583 senectutem
882 555 997 581 sunm
1032 539 1341 582 imbecilliorem
1371 537 1687 594 factam‚quam

166 602 441 645 adolescentia
453 599 607 640 fuisset.
640 601 728 655 Ego
746 599 797 639 L.
816 597 1040 638 Metellum
1057 597 1230 638 memini
1245 612 1342 653 puer
1363 595 1451 653 (qui
1471 597 1572 638 cum
1587 608 1689 651 qua-

168 658 353 701 driennio
377 665 469 713 post
485 656 657 698 alterum
674 655 950 698 Consulatum
974 654 1163 696 Pontifex
1186 654 1401 696 Maximus
1421 653 1552 695 factus
1571 660 1690 702 esset,

169 714 316 774 viginti
337 724 376 756 et
404 715 505 756 duos
533 728 662 755 annos
700 713 735 753 ei
771 711 993 753 sacerdotio
1015 711 1195 767 praefuit)
1229 711 1285 754 ita
1302 712 1422 752 bonis
1441 725 1526 751 esse
1543 706 1694 750 viribus

98 781 151 817 35
174 785 356 815 extremo
376 783 558 826 tempore
580 769 725 821 aetatis‚
747 779 793 810 ut
812 769 1127 810 adole-*centiam
1145 784 1230 810 non
1267 767 1500 824 requireret.
1570 763 1696 809 Nihil

175 827 417 885 necesse‘est
432 827 536 870 mihi
554 828 602 868 de
618 842 684 868 me
701 827 788 881 ipso
805 826 935 867 dicere
953 843 960 867 :
984 841 1218 883 quanquam
1239 837 1299 868 est
1313 825 1353 866 id
1370 824 1539 882 quidem
1553 821 1698 876 senile,

177 886 370 944 aetatique
388 896 539 927 nostrae
561 883 814 926 conceditur.
1597 894 1602 900 ·
1626 890 1631 895 ·
1732 936 1737 939 ι

236 945 294 987 X.
328 943 557 992 Videtisne,
580 951 626 982 ut
646 941 750 996 apud
773 942 1011 982 Homerum
1033 940 1261 997 scepissime
1281 942 1436 984 Nestor
1454 940 1503 982 de
1534 936 1699 980 virtuti·

181 1000 259 1043 bus
281 999 364 1041 suis
384 999 575 1056 praedicet
595 1001 608 1040 ?
636 999 727 1056 jam
748 998 857 1039 enim
884 999 1045 1041 tertiam
1066 1009 1228 1040 aetatem
1259 998 1483 1040 hominum
1512 996 1670 1038 vivebat
1686 1011 1699 1038 ε

184 1074 262 1102 nec
283 1066 366 1099 erat
386 1057 422 1098 ei
447 1056 686 1108 verendum,
716 1071 768 1096 ne
803 1070 894 1096 vera
928 1055 977 1098 cle
1006 1071 1049 1098 se
1083 1057 1309 1112 praedicans
1343 1055 1471 1097 nimis
1505 1054 1705 1096 videretur

188 1124 257 1158 aut
277 1115 473 1168 insolens,
496 1124 564 1155 aut
577 1113 734 1170 ‚loquax
754 1129 764 1153 ε
798 1112 965 1166 etenim,
989 1123 1036 1155 ut
1054 1113 1112 1155 ait
1142 1114 1366 1164 Homerus,
1389 1128 1439 1154 ex
1458 1114 1544 1168 ejus
1561 1108 1707 1168 lingua

140 1182 164 1215 5
187 1173 309 1214 melle
343 1171 501 1213 dulcior
538 1171 691 1212 fluebat
726 1170 881 1221 orati03
914 1185 1040 1226 quam
1074 1171 1123 1212 ad
1159 1169 1543 1213 suavitatem-nullis
1562 1168 1708 1226 egebat

190 1229 371 1285 corporis
392 1228 573 1270 viribus:
607 1238 645 1270 et
684 1237 822 1268 tamen
855 1228 937 1268 dux
974 1226 1042 1268 ille
1073 1228 1250 1270 Graeciae
1278 1242 1484 1285 nusquam
1512 1235 1641 1283 optat,
1661 1236 1710 1268 ut

189 1287 332 1344 Ajacis
355 1285 506 1333 similes
529 1285 676 1326 habeat
706 1284 864 1336 decem,
899 1294 939 1325 at
972 1294 1017 1326 ut
1046 1286 1262 1327 Nestoris:
1291 1286 1402 1342 quod
1433 1284 1465 1326 si
1501 1283 1710 1335 acciderit,

189 1360 277 1387 non
294 1343 453 1387 dubitat
469 1343 569 1399 quin
581 1340 693 1382 brevi
706 1342 829 1398 Troja
844 1341 894 1383 sit
913 1341 1103 1397 peritura.
1163 1343 1242 1385 Sed
1260 1345 1378 1383 redeo
1391 1342 1440 1383 ad
1459 1356 1527 1382 me
1543 1358 1554 1383 z
1588 1355 1714 1397 quar-

193 1411 284 1443 tum
317 1415 472 1442 annum
504 1415 578 1456 ago
609 1408 648 1440 et
681 1399 1012 1456 octogesimum3
1044 1399 1232 1455 equidem
1271 1414 1391 1456 posse
1423 1398 1570 1440 vellem
1602 1397 1717 1440 idem

125 1467 176 1503 10
194 1457 375 1516 gloriari,
409 1457 518 1514 quod
540 1457 701 1512 Cyrus:
735 1456 802 1497 sed
835 1465 973 1498 tamen
1004 1457 1083 1498 hoc
1104 1472 1209 1513 queo
1230 1458 1377 1510 dicere,
1398 1471 1484 1506 non
1513 1469 1582 1497 me
1617 1453 1714 1512 qui-

196 1517 291 1558 dem
310 1514 358 1556 iis
379 1530 464 1556 esse
484 1514 654 1565 viribus,
678 1512 827 1570 quibus
855 1524 926 1555 aut
957 1513 1074 1555 miles
1104 1514 1212 1556 bello
1233 1514 1407 1566 Punico,
1428 1523 1499 1555 aut
1517 1514 1719 1557 Quaestor

197 1574 343 1614 eodem
379 1572 503 1623 bello,
535 1583 604 1613 aut
637 1571 797 1614 Consul
829 1570 872 1612 in
894 1571 1115 1627 *Hispania
1143 1571 1307 1625 fuerim,
1340 1582 1410 1614 aut
1449 1568 1719 1628 quadriennio

199 1632 308 1688 post,
328 1631 426 1672 cum
444 1628 654 1671 Tribunus
674 1627 868 1670 Militaris
897 1628 1127 1686 depugnavi
1161 1631 1267 1685 apud
1305 1629 1622 1686 Thermopylas,
1651 1627 1718 1670 M.

201 1686 342 1735 Acilio
373 1686 597 1729 Glabrione
626 1686 838 1728 Consule:
873 1685 940 1727 sed
969 1695 1123 1739 tamen,
1145 1698 1192 1729 ut
1218 1703 1289 1729 vos
1309 1686 1470 1739 videtis,
1489 1701 1577 1728 non
1596 1684 1720 1742 plane

133 1753 183 1788 15
204 1760 271 1788 me
292 1744 511 1796 enervavit,
544 1758 621 1784 nec
652 1742 797 1785 afflixit
827 1752 1037 1786 senectusz
1070 1759 1156 1786 non
1186 1745 1299 1786 curia
1331 1744 1435 1786 vires
1464 1758 1578 1785 meas
1610 1741 1721 1785 desi-

205 1808 334 1854 derat,
371 1816 456 1843 non
491 1810 632 1852 rostra,
668 1815 752 1842 non
793 1800 933 1852 amici,
955 1816 1042 1842 non
1075 1801 1258 1854 clientes,
1282 1817 1369 1844 non
1402 1799 1616 1858 hospites;
1645 1813 1723 1842 nec

205 1859 320 1901 enim
357 1871 540 1915 unquam
578 1873 669 1898 sum
709 1872 896 1899 assensus
931 1858 1051 1900 veteri
1090 1858 1151 1901 illi
1196 1859 1440 1917 laudatoque
1492 1856 1724 1914 proverbio,

208 1916 317 1973 quod
339 1925 496 1967 monet,
520 1915 677 1956 mature
710 1915 794 1957 fieri
831 1930 986 1968 senem,
1007 1917 1040 1957 si
1073 1916 1143 1958 diu
1176 1917 1276 1958 velis
1314 1932 1399 1959 esse
1437 1929 1575 1958 senex.
1616 1915 1727 1972 >Ego

205 1975 303 2015 vero
333 1988 400 2014 me
430 1973 572 2014 minus
597 1972 666 2013 diu
701 1987 837 2014 senem
873 1988 958 2014 esee
985 1973 1167 2026 mallem,
1191 1975 1319 2030 quam
1346 1989 1432 2016 esse
1452 1987 1594 2015 senem
1614 1972 1729 2023 ante,

136 2038 193 2074 20
210 2033 339 2088 quam
359 2045 505 2071 essem.
567 2030 711 2085 Itaque
731 2045 855 2078 nemo
875 2031 1009 2072 adhuc
1028 2032 1247 2077 convenire
1276 2047 1345 2074 me
1378 2029 1524 2082 voluit,
1549 2029 1618 2072 cui
1637 2028 1729 2070 fue-

211 2088 292 2129 rim
325 2096 564 2141 occupatuS.
624 2088 686 2128 At
712 2086 850 2127 minus
872 2087 1003 2128 habeo
1024 2088 1190 2140 virium,
1213 2091 1338 2145 quam
1359 2091 1542 2131 vestrfim
1563 2085 1728 2130 utervis.

210 2145 307 2199 Nec
328 2159 398 2185 vos
416 2142 584 2200 quidem
598 2144 651 2185 T.
670 2143 803 2185 Pontii
822 2144 1088 2186 Centurionis
1108 2145 1210 2187 vires
1232 2145 1389 2188 habetis
1405 2162 1418 2198 3
1450 2157 1555 2187 num
1574 2143 1730 2186 idcirco

213 2211 274 2243 est
295 2200 361 2243 ille
381 2199 666 2256 praestantior?
715 2200 940 2242 moderatio
975 2203 1102 2245 modo
1134 2203 1281 2245 virium
1321 2202 1439 2254 adsit,
1474 2210 1515 2244 et
1548 2209 1730 2253 tantum,

214 2268 418 2315 quantum
439 2267 570 2313 potest
586 2256 774 2313 quisque,
796 2257 970 2311 nitatur3
1004 2274 1067 2301 nae
1086 2259 1152 2301 ille
1172 2275 1257 2301 non
1278 2274 1430 2317 magno
1451 2258 1650 2301 desiderio
1669 2267 1731 2300 te·

141 2320 194 2361 25
215 2315 379 2357 nebitur
397 2314 561 2355 virium.
610 2315 819 2370 Olympiae
837 2330 906 2370 per
927 2316 1102 2359 stadium
1120 2315 1324 2373 ingressus
1339 2332 1425 2359 esse
1439 2316 1553 2359 Milo
1565 2315 1732 2372 dicitur.

216 2374 316 2421 cum
340 2371 522 2413 humeris
543 2372 756 2412 sustineret
772 2371 918 2413 bovem
936 2372 1076 2416 vivum
1095 2390 1104 2416 :
1139 2377 1282 2416 utrum
1301 2374 1517 2431 igiturhas
1536 2371 1752 2430 corporis,-

215 2444 270 2472 an
309 2430 549 2486 Pythagorae
582 2428 654 2469 tibi
689 2428 808 2470 malis
839 2429 940 2470 vires
974 2429 1129 2487 ingenii
1162 2431 1279 2474 dari?
1313 2431 1494 2487 denique*
1518 2430 1599 2473 isto
1622 2429 1735 2472 bono

216 2495 345 2538 utare,
365 2487 463 2527 dum
495 2483 625 2536 adsit3
659 2487 760 2526 cum
781 2485 901 2537 absit,
923 2502 975 2528 ne
1005 2489 1204 2544 requiras:
1237 2489 1316 2531 nisi
1337 2488 1440 2531 forte
1462 2488 1737 2538 adolescentes

219 2543 452 2599 pueritiam,
484 2541 656 2598 paulum
692 2550 810 2584 aetate
840 2544 1039 2599 progressi
1070 2545 1384 2599 adolescentiam
1404 2543 1736 2610 debeantrrequi·

139 2609 196 2644 30
217 2614 314 2641 rere.
376 2600 533 2642 Cursus
563 2608 624 2641 est
654 2608 784 2642 certus
816 2600 962 2652 aetatis,
985 2610 1025 2642 et
1047 2618 1131 2644 una
1161 2602 1225 2644 via
1256 2612 1429 2655 naturae,
1464 2617 1603 2660 eaque.
1630 2615 1736 2643 stm-

216 2656 339 2712 plex3*
367 2672 521 2714 suaque
542 2657 690 2713 cuique
711 2657 813 2712 parti
834 2659 971 2699 aetatis
995 2659 1288 2715 tempestivitas
1311 2671 1372 2702 est
1393 2661 1512 2703 data:
1543 2667 1591 2701 ut
1609 2668 1652 2701 et
1670 2659 1738 2702 in·

212 2714 385 2756 firmitas
406 2728 643 2769 puerorum,
665 2725 704 2756 et
732 2715 918 2756 ferocitas
935 2715 1156 2772 juvenum,
1174 2725 1214 2758 et
1233 2717 1405 2774 gravitas
1423 2717 1519 2774 j-am
1538 2725 1736 2763 constan-

211 2770 263 2812 tis
278 2771 423 2822 fetatis,
446 2782 486 2814 et
504 2772 723 2813 senectutis
756 2771 970 2814 maturitas
1003 2773 1189 2815 naturale
1218 2774 1415 2831 quiddam
1436 2774 1602 2826 habeat,
1624 2772 1739 2830 quod

209 2841 284 2871 auo
311 2836 494 2885 ternpore
518 2829 675 2886 percipi
706 2827 865 2872 debeat.
924 2829 1120 2873 Arbitror
1151 2839 1192 2874 t'e
1231 2832 1386 2884 audire,
1407 2829 1569 2889 scipio,
1589 2831 1738 2886 hospes

326 2937 378 2994 α
1633 2895 1727 2932 tuus
