1872 3140
161 157 242 198 :373

174 498 227 535 10
244 500 305 540 tis.

668 157 730 199 Μ.
759 155 960 200 TULLII
991 156 1309 201 CICERONISv

235 270 403 315 Senatui
423 285 582 312 necesse
601 281 712 311 erat:
739 286 810 313 vos
828 281 925 312 tunc
949 272 1146 338 paruistiS,
1164 288 1258 317 cum
1277 273 1406 327 paruit
1427 288 1547 316 nemo
1569 273 1637 328 qui
1657 287 1733 314 noaz

238 331 328 371 luit.

387 329 661 382 Reprehendo
669 327 827 392 igitur?
857 326 1024 368 minime
1042 328 1166 378 νειὸς
1197 344 1331 384 neque
1351 331 1459 370 enirn
1487 331 1598 372 licuit
1618 330 1732 371 aliter

238 398 374 427 vestro
395 384 548 438 generi,
568 384 740 433 nomini,
769 383 946 433 familiae,
980 385 1222 439 disciplinae:
1250 387 1319 426 sed
1340 387 1418 426 hoc
1437 402 1521 428 non
1541 386 1736 432 concedo,

233 453 303 491 ut,
327 440 470 496 quibus
497 441 618 480 rebus
646 441 873 495 gloriemini
903 442 945 482 in
963 442 1093 491 vobis,
1113 443 1300 483 easdem
1292 457 1332 481 m
1353 443 1439 482 aliis
1466 443 1737 498 reprehendat·-

242 554 386 595 morbo
415 553 536 592 etiam
569 553 858 607 impediretur:

363 496 590 537 Tuberonis
625 511 707 537 sors
741 497 919 549 conjecta
953 508 1010 538 est
1046 512 1097 538 ex
1117 498 1158 538 S.
1181 499 1227 539 C.
1248 496 1342 538 cu'm
1362 500 1444 552 ipse
1463 513 1546 540 non
1567 501 1736 546 adesset,

906 564 1094 594 statuerat
1149 554 1226 608 [se]
1269 568 1472 595 excusare.

1529 556 1630 596 Haec
1660 568 1737 608 ego

242 610 339 650 novi
367 619 531 663 propter
557 624 792 651 communes
839 611 1166 659 necessitudines,
1195 624 1286 665 quae
1316 611 1415 650 mihi
1444 621 1537 652 sunt
1564 627 1657 653 cum
1685 611 1735 653 L

242 664 487 708 Tuberone:
516 665 629 706 domi
656 681 738 707 una
767 668 926 716 eruditi,
956 667 1107 707 militiae
1124 669 1444 716 contubernales,
1471 665 1562 722 post
1581 668 1738 716 affines,

232 722 288 762 in
307 721 419 762 omni
439 722 615 776 denique
645 721 727 763 vita
746 723 986 764 familiares

173 779 226 816 15
246 779 388 819 iisdem
416 792 574 832 semper
601 781 740 820 studiis
769 781 829 820 usi
857 795 1005 820 sumus.

1014 738 1207 789 magnum
1227 726 1349 771 etiam
1382 725 1603 772 vinculum,
1623 721 1738 779 quod

1065 780 1156 821 Scio
1185 782 1306 844 igitur
1333 780 1597 822 Tuberonem
1626 781 1736 823 domi

245 842 409 876 manere
432 835 616 883 voluisse,
636 837 735 876 sed
725 847 780 877 ita
809 837 971 890 quidam
1001 837 1186 901 agebant,
1215 838 1270 878 ita
1298 837 1525 890 reipublicae
1545 836 1740 889 sanctissi-

245 905 361 932 mum
388 906 539 932 nomen
567 894 839 946 opponebant,
887 904 932 933 ut
960 894 1083 933 etiam
1111 893 1142 933 si
1172 894 1286 934 aliter
1314 894 1495 943 sentiret,
1523 895 1739 934 verborum

245 959 382 989 tamen
401 949 578 1002 ipsorum
599 950 757 1002 pondus
775 949 973 990 sustinere
1001 964 1085 990 non
1105 960 1261 1004 posset3
1283 951 1396 1000 cessit
1417 950 1641 991 auctoritati
1655 964 1741 991 am-

245 1004 411 1059 plissimi
440 1005 532 1053 viri,
559 1006 624 1045 vel
653 1003 786 1059 potius
815 1007 971 1070 paruit3
1002 1004 1081 1047 unit
1112 1017 1170 1047 est
1199 997 1400 1060 profectus
1430 1022 1522 1047 cum
1551 1007 1611 1056 iis,
1640 1021 1743 1061 quot-

176 1062 230 1099 ΞΟ
247 1076 338 1102 rum
367 1071 452 1102 erat
472 1071 486 1087 ³
505 1076 585 1102 una
613 1075 753 1102 causa:
785 1060 934 1104 tardius
965 1063 1041 1102 iter
1068 1061 1187 1104 fecit:
1216 1064 1350 1118 itaque
1370 1065 1410 1105 in
1435 1062 1613 1104 Africam
1632 1063 1743 1104 venit

240 1117 327 1169 jam
346 1128 594 1171 occupatam.

672 1119 811 1159 Hinc
801 1134 843 1160 m
864 1119 1070 1174 Ligarium
1089 1120 1241 1160 crimen
1262 1121 1403 1168 oritur,
1422 1120 1516 1160 vel
1506 1135 1562 1161 ira
1581 1117 1742 1174 potius·
1731 1150 1744 1169 ,

246 1189 342 1214 nam
372 1175 404 1218 si
433 1175 586 1214 crimen
607 1185 664 1215 est
694 1176 910 1229 prohibere
939 1177 1053 1216 illum
1083 1177 1266 1225 voluisse,
1286 1191 1368 1217 non
1389 1174 1522 1218 minus
1550 1191 1744 1231 magnum

248 1241 324 1280 est,
343 1245 413 1272 vos
435 1229 633 1279 Africam,
669 1233 851 1274 omnium
885 1233 1182 1285 provinciarum
1203 1248 1350 1281 arcem,
1369 1244 1504 1273 natam
1523 1233 1574 1272 ad
1592 1233 1745 1274 bellum

248 1297 388 1328 contra
416 1287 519 1327 hanc
548 1288 692 1328 ulbem
719 1290 958 1344 gerendum,
996 1289 1178 1330 obtinere
1206 1291 1390 1338 voluisse,
1419 1290 1542 1342 unim
1569 1290 1746 1343 aliquem

177 1346 228 1383 25
249 1358 290 1384 se
320 1343 615 1395 imperatorem
633 1359 716 1384 esse
745 1346 941 1384 maluisse.

248 1415 331 1439 non
361 1399 451 1440 fuit.

247 1458 379 1498 bebat.

1001 1346 1140 1398 Atque
1169 1346 1199 1385 is
1229 1357 1364 1386 tamen
1394 1346 1534 1398 aliquis
1562 1345 1746 1400 Ligarius

521 1400 653 1440 Varus
683 1401 896 1455 imperium
926 1417 967 1441 se
997 1403 1146 1441 habere
1176 1402 1350 1442 dicebat:
1380 1401 1502 1441 fasces
1530 1401 1637 1442 certe
1675 1403 1748 1444 ha-

435 1455 519 1498 Sed
548 1471 715 1512 quoquo
743 1458 865 1498 modo
895 1472 936 1498 se
965 1459 1066 1499 illud
1093 1459 1282 1509 habebat,
1312 1459 1400 1500 haec
1421 1459 1582 1512 querela
1600 1467 1749 1513 vestra,—

929 1664 944 1679 ³
955 1672 994 1696 ea
999 1659 1087 1711 dem.

293 1887 323 1915 7.
336 1886 434 1923 Neque
447 1882 519 1913 enim
540 1882 647 1925 licuit]
664 1884 736 1915 Non
754 1885 910 1924 improbat
922 1885 977 1914 Ci-

252 1937 323 1957 cero
339 1927 426 1965 quod
452 1927 633 1957 Tuberones
652 1935 821 1958 !rafuerunt
837 1928 977 1963 Senatui,

250 1970 305 2000 sed
322 1970 431 2010 probat
437 1969 604 2007 justiorem
618 1971 763 2000 habuisse
778 1980 908 2000 causam
923 1971 979 2000 Li·

251 2012 375 2051 ganum
393 2013 539 2042 manendi
554 2014 585 2042 in
601 2011 714 2049 Africfi,
726 2023 778 2043 cos
793 2020 898 2043 autem
912 2013 983 2043 nul-

253 2055 319 2085 lam
334 2055 493 2093 Ligarium
511 2056 765 2094 reprehendendi.

298 2099 346 2127 10.
365 2097 384 2126 Ι
390 2096 518 2126 ubemms
532 2108 600 2127 sors.
606 2097 620 2139 ]
640 2100 765 2128 Fatetur
779 2099 808 2129 Γ
811 2099 982 2130 uberonem

252 2147 376 2180 patrem
392 2149 454 2170 non
472 2138 576 2178 aliqui
592 2141 764 2180 cupiditate
785 2148 840 2170 aut
854 2141 981 2171 ambiti-

253 2192 316 2213 one
326 2183 658 2219 obtinuisseAfricam,
660 2184 711 2212 sed
722 2192 771 2213 sor
773 2184 880 2213 titione
891 2184 982 2221 juxta

254 2225 337 2264 leges
350 2225 537 2254 decernendi
555 2226 738 2264 provincias
764 2226 857 2256 Hanc
873 2234 982 2256 autem

254 2269 396 2298 obtinere
416 2267 558 2297 debuisse
580 2268 784 2299 Tuberonem
799 2269 926 2299 Caesar'
920 2278 983 2308 ipse

255 2311 311 2341 lib.
326 2313 351 2340 1.
368 2311 406 2340 (le
419 2307 504 2339 bello
519 2310 603 2340 civili
620 2311 763 2341 declarat.

303 2355 350 2383 13.
370 2352 460 2383 Domi
485 2353 541 2381 ιιηά
557 2352 670 2382 eruditi.
677 2352 690 2391 'l
718 2355 838 2384 Fruditi
856 2355 984 2384 suerunt

254 2397 382 2426 Tubero
396 2403 428 2425 et
441 2395 575 2425 Cicero
568 2405 601 2425 in
618 2396 693 2426 urbe
709 2395 834 2426 Roma
828 2407 859 2427 in
875 2395 983 2427 eadem

255 2436 374 2470 schola.

300 2482 348 2511 Ib
368 2480 583 2510 (humber-nale
586 2478 611 2521 .]
628 2481 675 2510 Ex
687 2481 819 2520 Vegetio
834 2482 887 2511 lib.
899 2484 926 2511 Q.
947 2483 983 2513 de

255 2533 289 2553 re
305 2523 433 2554 militari
451 2534 517 2561 cap.
539 2524 584 2552 13.
611 2523 750 2553 centuria>
764 2525 793 2554 in
805 2524 984 2554 contubernia

255 2566 349 2596 divicae
373 2570 450 2595 sunt⁴
480 2571 510 2595 ut
524 2566 613 2596 decem
628 2565 762 2596 militibus
788 2566 841 2595 sub
863 2577 920 2596 mm
931 2570 983 2606 pir·

251 2608 360 2648 pilione
375 2609 534 2645 degentibus
557 2619 630 2638 rmus
651 2613 777 2648 preneste!
791 2610 923 2644 decanus,
937 2610 984 2649 qui

255 2656 341 2692 caput
355 2652 528 2682 contubernii
550 2652 724 2681 nominatur.
763 2652 850 2681 Hinc
875 2660 983 2682 autem

258 2694 340 2724 inter
367 2694 484 2724 milites
508 2694 733 2725 familiaritates
767 2695 982 2724 nascebantur.

253 2735 507 2766 contubernales
544 2744 650 2772 autem
687 2738 815 2767 fuerunt
842 2737 873 2766 in
901 2737 984 2769 bello

258 2778 405 2815 Marsico,
422 2781 504 2817 quod
520 2786 551 2809 et
572 2779 718 2810 Italicum
735 2789 764 2809 ct
784 2779 903 2810 Sociale
918 2781 982 2810 ‹lic-

256 2827 329 2852 tum
343 2827 408 2861 est3
435 2831 472 2852 eo
487 2821 569 2853 bello
585 2823 695 2853 Cicero
724 2823 755 2854 in
770 2822 908 2855 exercitu
925 2824 983 2854 Cn.

1019 1884 1164 1925 Pompeii
1189 1884 1348 1915 Strabonis
1374 1883 1522 1916 Consu-lis
1544 1885 1604 1916 tiro
1615 1884 1688 1922 fuit,
1709 1890 1748 1917 ut

1021 1929 1130 1958 refert
1124 1938 1169 1967 ip
1158 1937 1187 1957 e
1205 1928 1269 1957 Cic.
1289 1927 1372 1958 Phil.
1394 1929 1440 1956 12.

1071 1972 1115 2000 13.
1142 1971 1211 2001 Ῐιῖεε
1232 1970 1282 2008 σθ’
1283 1969 1355 2008 nes]
1388 1970 1532 2001 Affinitas
1554 1979 1609 2009 per
1624 1969 1753 2010 nuptias⁴

1024 2015 1233 2049 contrahitur,
1256 2020 1290 2043 ut
1306 2014 1396 2042 docet
1423 2013 1625 2043 Modestinus
1649 2014 1681 2043 in
1696 2013 1751 2045 lib.

1024 2058 1054 2086 4.
1070 2058 1109 2086 D.
1125 2058 1162 2086 de
1178 2058 1224 2086 Gr
1211 2055 1358 2092 vadibus3
1374 2056 1453 2086 forte
1468 2062 1576 2086 autem
1591 2055 1750 2086 uxbrTu-

1024 2100 1176 2129 beronis
1165 2110 1181 2128 e
1199 2107 1311 2137 genere
1325 2097 1432 2127 Tullio
1445 2098 1516 2128 fuit.

1071 2143 1081 2170 1
1091 2143 1119 2172 6
1150 2141 1359 2171 sanctissimum
1369 2149 1468 2169 nomen
1478 2139 1677 2181 opponebant]
1689 2141 1753 2171 Ex-

1025 2191 1114 2214 cusat
1129 2183 1343 2219 Tuberonem,
1359 2183 1414 2220 qui
1432 2182 1578 2221 inductus
1590 2184 1649 2213 fuit
1661 2184 1700 2213 ad
1712 2184 1749 2213 il·-

1026 2226 1082 2257 lud
1113 2225 1234 2256 bellum
1264 2226 1366 2264 specie
1414 2224 1622 2265 Reipublicae‚
1659 2226 1751 2268 cujus

1022 2268 1093 2307 jura
1106 2269 1267 2300 defendere
1279 2278 1311 2297 se
1324 2268 1511 2306 Pompeiani
1523 2268 1693 2305 jactabant.

1071 2309 1398 2350 13.21n1plissimi-·iri]
1427 2310 1569 2349 Pompeii
1582 2317 1681 2350 partes
1697 2312 1754 2342 Se-

1027 2361 1118 2384 natus
1134 2354 1287 2384 tuebatur.
1736 2371 1740 2375 -

1036 2392 1039 2396 ⁴
1069 2399 1118 2426 21.
1140 2394 1333 2434 Off-usmitan]
1354 2396 1381 2424 A
1396 2396 1492 2425 Varo.

1070 2442 1119 2469 122.
1153 2439 1302 2470 Prohibere
1322 2438 1400 2467 1llmz
1429 2437 1575 2479 votuisse]
1606 2440 1644 2470 In
1659 2448 1752 2480 argu—

1027 2489 1135 2512 mento
1151 2483 1187 2512 de
1203 2482 1264 2511 hoc
1281 2482 1411 2511 dictum.

1069 2527 1119 2554 93.
1134 2525 1243 2554 Arcem.
1251 2523 1264 2565 ]
1279 2524 1446 2563 Aptissima
1463 2523 1522 2553 fuit
1536 2523 1640 2554 Africa
1653 2525 1712 2554 ad'
1705 2534 1754 2555 m»

1025 2567 1192 2599 ferendum
1217 2567 1336 2606 populo
1357 2567 1503 2596 Romano
1517 2567 1658 2605 bellum3
1674 2568 1752 2598 hinc

1027 2611 1114 2640 enim
1125 2611 1182 2640 tria
1198 2610 1278 2640 bella
1292 2609 1412 2640 Punica
1424 2615 1605 2647 eruperunt.

1069 2655 1120 2684 26.
1149 2652 1250 2682 Fasces
1264 2651 1337 2681 cert&
1365 2650 1511 2691 habebat-J
1546 2653 1593 2682 De
1615 2651 1750 2684 fascibus

1026 2695 1148 2725 dictum
1173 2693 1321 2734 superius.
1369 2692 1623 2727 Praese‘rcbantur'
1642 2694 1750 2724 Dicta-

1028 2739 1160 2774 toribus,
1177 2736 1379 2768 Consulibus.
1397 2743 1428 2766 et
1449 2734 1650 2774 Praetoribus,
1664 2736 1751 2766 velut

1026 2781 1075 2810 sui
1088 2778 1294 2820 Magistratus
1309 2779 1450 2819 insignia.

1615 2909 1655 2950 T
1658 2909 1753 2951 ube..
