1872 3135
72 136 128 182 22
569 131 634 182 M.
664 130 871 182 TULLII
903 127 1229 183 01011111οΝ13

179 229 319 291 XVI.
353 247 657 301 Quamobrem,
681 248 713 289 si
727 248 820 306 jure
837 263 932 292 eum
954 250 1084 306 possis
1104 254 1308 302 accusare,
1329 258 1485 311 tamen,
1503 245 1634 293 cum
1623 262 1660 291 rs

142 305 221 348 tibi
241 306 453 362 parentis-²
471 322 644 348 numero
663 305 740 348 fui:
736 315 819 358 ·,set
842 306 883 348 id
919 308 989 364 pie
1015 307 1145 350 facere
1165 324 1249 350 non
1269 316 1430 365 posses,
1465 311 1565 350 curn
1586 323 1658 350 ve-

143 366 191 406 Υὸ
214 379 358 420 neque
393 364 583 421 injuriam
620 363 839 418 acceperis,
876 374 916 406 et
945 365 960 389 ¹³
997 365 1165 407 Praetori
1184 376 1257 407 tuo
1279 361 1505 422 periculum
1529 379 1657 416 creeS,

145 420 1658 487 fatearisnecessees1,te1llunJustumimpiumquebellummferreconarl
1671 452 1674 457 .

106 478 308 523 SEtenim
331 478 407 519 ista
429 480 558 521 Quaes
563 489 650 519 tura
672 478 719 519 ad
742 493 831 520 eam
855 493 939 520 rem
969 479 1089 531 valet,
1119 489 1165 520 ut
1197 480 1488 522 elaborandum
1519 479 1623 522 tibi
1615 489 1662 521 111

143 536 244 578 ratio
249 551 300 576 ne
335 536 531 577 reddend·
517 555 538 576 1
569 535 635 587 sit,
668 535 936 592 quamobrem
959 551 1072 588 eum,
1095 536 1161 578 cui
1182 537 1379 580 Quaestor
1411 537 1549 589 fueris,
1586 551 1658 579 ac-

144 610 216 635 cu
207 609 285 635 es:
320 608 420 645 non,
444 603 489 634 ut
509 593 562 634 ob
580 608 678 634 eam
691 608 822 649 ipsam
845 609 1008 635 causam
1030 592 1322 649 postulandum
1340 593 1406 646 sit,
1428 603 1474 635 ut
1485 594 1559 636 tibi
1580 609 1659 650 po-

142 651 350 692 tissimum
374 650 579 691 accusatio
611 651 737 692 detur
797 653 951 708 Neque
971 651 1052 694 fere
1083 666 1270 715 unquam
1290 651 1401 693 venit
1419 651 1462 693 in
1485 661 1659 694 conten-

142 707 298 749 tionem
319 709 368 750 'de
384 708 630 759 accusando,
651 707 717 764 qui
736 710 934 752 Quaestor
950 708 1104 760 fuisset,
1125 725 1225 773 qum
1247 707 1532 765 repudiaretur.
1573 709 1664 750 Ita-

84 779 132 812 10
145 781 223 822 que
243 781 376 824 neque
406 767 459 807 L.
485 766 645 808 Philoni
670 780 712 806 111
737 766 784 808 C
809 766 1030 809 Servilium
1057 782 1240 808 1101111015
1260 766 1462 808 deferendi
1484 764 1662 822 potestas

143 828 204 864 est
233 823 340 875 data,
376 837 508 887 peque
528 824 594 864 M.
632 823 802 864 Aurelio
840 824 1023 866 Scauro
1015 840 1057 866 m
1079 826 1127 866 L.
1161 825 1372 877 Flaccum,
1404 838 1539 888 neque
1574 823 1662 866 Cn.

145 881 346 936 Pompeio
377 896 419 922 111
451 883 499 923 Τ.
523 880 694 923 Allwrci
699 896 780 922 1111
815 897 991 945 quorum
1020 897 1144 924 nemo
1177 891 1339 938 propter
1372 880 1662 945 indignitatem

147 938 380 993 repudiatus
415 948 502 982 est:
538 940 602 979 (d
626 954 676 979 ne
707 938 872 981 libido
885 938 1059 981 iolandae
1079 938 1392 981 necessitudinis
1423 937 1664 981 auctoritate

140 995 329 1052 Judicum
363 997 645 1051 comprobare
650 1011 712 1037 ur.
772 997 912 1053 Atque
946 995 1013 1038 ille
1049 997 1127 1039 Cn
1152 997 1449 1052 Pompeiusue.
1474 1011 1572 1038 cum
1605 995 1660 1038 C.

83 1065 131 1102 15
144 1053 258 1095 Julio
280 1053 506 1103 contendit,
530 1065 573 1096 ut
596 1062 638 1094 tu
660 1069 837 1095 mecum.
901 1055 1031 1097 Quae:
1037 1066 1098 1095 tor
1118 1053 1226 1096 enim
1249 1053 1422 1096 Albucii
1451 1052 1596 1105 fuerat,
1615 1060 1665 1095 ut

145 1120 201 1152 tu
198 1110 360 1153 Verris.
420 1111 556 1153 Julius
575 1112 654 1152 hoc
670 1126 809 1152 secum
829 1106 1079 1153 auctoritatis
1096 1113 1143 1153 ad
1158 1113 1438 1154 accusandum
1454 1110 1663 1163 afferebat,
1711 1117 1718 1120 ”

146 1168 257 1225 quod
278 1177 325 1210 ut
355 1169 434 1210 hoc
463 1177 646 1224 tempore
665 1184 741 1210 nos
762 1168 811 1211 ab
833 1169 999 1220 Siculis,
1023 1170 1080 1211 sic
1110 1179 1201 1211 tum
1231 1169 1299 1211 ille
1333 1170 1383 1211 ab
1421 1167 1559 1210 Sardis
1593 1182 1663 1209 ro-

145 1236 263 1282 gatus
285 1226 333 1267 ad
355 1241 520 1267 causam
542 1238 773 1268 accesserat.
833 1228 1007 1290 Semper
1019 1227 1111 1268 haec
1126 1241 1246 1269 causa
1265 1226 1493 1291 plurimum
1510 1224 1663 1268 valuit:
1678 1224 1681 1226 ’

145 1294 306 1347 semper
326 1284 417 1325 haee
434 1284 536 1326 ratio
558 1284 775 1327 accusandi
798 1283 873 1325 fuit
893 1284 1183 1326 honestissima
1199 1300 1273 1340 pro
1288 1299 1425 1337 socns,
1446 1298 1520 1348 pro
1537 1283 1666 1325 salute

79 1340 387 1397 2³0proxinciae,
420 1357 493 1397 pro
524 1351 751 1383 exterarum
783 1342 1001 1384 nationum
1033 1341 1266 1384 commodis
1296 1340 1538 1385 inimicitias
1568 1356 1663 1382 sus-

146 1414 294 1454 cipere,
317 1399 365 1440 ad
388 1398 615 1453 periculum
643 1400 846 1452 accedere,
869 1414 1052 1456 operam,
1089 1399 1289 1453 studium,
1322 1399 1505 1442 laborem
1536 1398 1665 1440 inter'-

107 1470 308 1512 ponere.
368 1455 534 1498 Etenim
559 1471 589 1497 sr
609 1456 831 1520 probabilis
849 1473 890 1499 es
876 1468 912 1500 t
930 1472 1073 1500 eorum
1093 1471 1231 1509 causa,
1263 1456 1334 1514 qui
1369 1456 1536 1514 injurias
1572 1470 1666 1498 suas

143 1523 232 1569 pers
217 1513 329 1570 equi
352 1514 511 1564 volunt,
535 1518 616 1571 qua
646 1529 688 1555 111
712 1530 751 1556 re
772 1514 901 1556 dolori
922 1530 1013 1567 suo,
1035 1531 1119 1557 non
1143 1514 1300 1571 reipub.
1325 1514 1559 1556 commodis
1579 1520 1666 1556 sei·-

142 1571 288 1613 viunt:
323 1575 479 1635 quanto
499 1545 567 1613 illa
589 1586 709 1613 causa
730 1568 956 1624 honestior,
980 1586 1074 1628 quae
1102 1577 1186 1614 non
1204 1571 1339 1614 solum
1358 1570 1580 1628 probabilis
1599 1570 1664 1614 vi'-

80 1634 130 1678 2'5
147 1629 247 1679 deri,
284 1630 350 1670 sed
373 1629 494 1670 etiam
516 1638 629 1694 grata
658 1644 743 1671 esse
773 1629 907 1681 debet,
944 1629 1058 1672 nulla
1088 1629 1278 1686 privatim
1309 1632 1478 1687 accepta
1495 1630 1663 1693 anurla,

145 1687 352 1728 sociorum
387 1696 509 1751 atque
530 1701 761 1730 amicorum
795 1687 936 1744 populi
969 1687 1147 1729 Romani
1181 1687 1318 1728 dolore
1355 1690 1475 1744 atque
1503 1685 1666 1750 injuriis

144 1744 429 1786 commoveri?
462 1746 626 1808 Nuper,
647 1760 744 1787 cum
762 1744 804 1786 in
832 1746 875 1787 P.
897 1743 1128 1788 Gabinium
1142 1743 1202 1786 vir
1216 1743 1464 1786 fortissimus
1483 1753 1522 1784 et
1537 1757 1663 1785 111110-

146 1801 409 1844 centissimus
431 1803 483 1844 L.
508 1801 573 1843 Pi:
560 1817 602 1843 o
624 1809 638 1827 Ε
654 1802 901 1845 delationem
923 1801 1109 1844 nominis
1128 1802 1363 1867 postularet,
1386 1811 1425 1844 et
1441 1802 1587 1843 contra
1601 1800 1662 1845 Q

148 1858 346 1902 Caecilius
378 1867 543 1914 peteret,
567 1859 683 1916 isque
718 1875 758 1902 se
797 1870 948 1901 veteres
985 1858 1226 1902 inimicitias
1259 1860 1419 1924 jamdiu
1454 1867 1665 1923 susceptas

77 1917 133 1967 30
145 1917 333 1975 persequi
355 1916 532 1965 diceret3
563 1932 661 1958 011111
680 1917 899 1960 auctoritas
921 1927 961 1960 et
979 1917 1155 1975 dignitas
1178 1916 1338 1959 Pisonis
1356 1916 1514 1959 valebat
1533 1913 1664 1972 pluri-

143 1976 282 2037 11111111,
305 1985 393 2017 tum
417 1975 485 2017 illa
502 1984 586 2017 erat
607 1989 729 2017 causa
743 1973 989 2033 justissima,
1012 1976 1120 2033 quod
1141 1990 1236 2018 eum
1254 1975 1333 2017 sibi
1352 1973 1503 2018 Achaei
1524 1974 1664 2031 patro-

139 2036 242 2074 num
264 2033 519 2089 adoptarant.

193 2111 208 2128 '⁶¹
226 2107 317 2143 loco.
444 2104 459 2128 ¹³
475 2120 549 2142 (ιω.)
552 2120 616 2143 [ses
636 2114 733 2143 tuum
748 2115 956 2157 ptoetoyem:
1055 2112 1069 2130 ε
1084 2116 1226 2157 peteret
1239 2109 1506 2145 accusationem
1525 2108 1612 2157 Qus.

142 2173 273 2213 bantur,
288 2183 372 2207 sorte
396 2175 607 2219 eligebantur.
653 2177 749 2209 Unde
772 2188 881 2209 neces·
974 2182 1022 2209 14.
1039 2179 1112 2210 Cum
1128 2177 1240 2220 Julio]
1256 2178 1381 2221 Julium
1403 2176 1490 2208 hunc
1507 2176 1665 2219 leporeet

145 2219 251 2250 situ'do
267 2219 321 2250 illa
338 2221 434 2251 smtis
440 2190 521 2257 fuit,
533 2231 596 2250 non
614 2221 787 2263 sanguinis.
927 2222 1050 2254 facetiis
1065 2222 1258 2260 excelluisse,
1272 2222 1326 2253 lib.
1339 2232 1367 2253 1.
1377 2221 1416 2253 de
1428 2213 1520 2255 offic.
1532 2220 1587 2252 ait.
1595 2222 1666 2252 Ac-

187 2267 218 2294 4.
233 2263 341 2302 Jnjust
343 2275 379 2294 em
393 2266 570 2305 impiumoue
581 2264 638 2294 belf·
638 2276 693 2295 lem.
697 2265 710 2307 ]
725 2268 788 2297 Att
801 2266 885 2308 ingit
930 2268 1052 2298 cusavit
1067 2276 1126 2309 pro
1138 2266 1244 2297 Sardis
1260 2265 1446 2297 Albucium.
1680 2299 1683 2304 ,

140 2305 172 2337 h*
167 2319 191 2338 ιε
201 2311 348 2343 veterum
358 2309 452 2340 Rom.
464 2309 737 2347 consuetudinem,
747 2310 802 2351 qui
814 2310 882 2341 bel·
970 2315 1021 2342 23.
1041 2312 1150 2342 Dolori
1163 2321 1215 2341 5210
1229 2322 1291 2341 set·
1288 2310 1384 2353 iant]
1399 2309 1556 2341 Dolorem
1571 2317 1664 2340 suum

143 2351 211 2382 lum
222 2352 345 2383 nullum
358 2353 549 2390 inferebant,
563 2353 637 2394 quin
652 2354 742 2395 prius
755 2367 771 2384 a
784 2354 881 2385 secia·
925 2356 1089 2397 mitigant,
1099 2355 1174 2397 quia
1186 2354 1285 2385 homo
1300 2353 1453 2385 affectus
1445 2353 1561 2396 injuria
1569 2352 1676 2386 facile.

144 2389 223 2426 1111111
242 2394 389 2438 Collegio
402 2397 524 2438 justum
542 2397 738 2428 declaramn.
757 2407 846 2429 esset.
924 2399 1089 2430 hominis
1081 2399 1203 2430 inimici
1219 2398 1374 2440 supplicio
1383 2397 1512 2429 lenitur.

185 2444 214 2471 9.
235 2442 281 2471 It
269 2452 342 2481 uque
370 2441 484 2483 nequa]
501 2441 656 2482 Exempla
675 2442 882 2484 Qaestorum
971 2446 1022 2475 27.
1040 2444 1118 2474 Pub.
1134 2442 1407 2486 Gab1nium.]Qi
1431 2439 1597 2474 Achaim
1609 2439 1665 2471 ad-

139 2484 246 2521 affert,
264 2486 318 2526 qui
329 2495 400 2517 suos
407 2487 567 2517 Piaetores
578 2495 642 2516 non
653 2487 798 2526 permissi
809 2496 881 2519 sunt
925 2488 1020 2518 minis
1023 2488 1131 2519 travit.

135 2538 295 2570 acc-usare.
968 2535 1019 2563 28.
1043 2533 1083 2563 L.
1100 2530 1202 2573 Piso]
1229 2531 1271 2561 L.
1301 2530 1374 2562 Piso
1399 2538 1508 2567 causas
1529 2528 1609 2571 egit,
1633 2534 1666 2560 et

187 2573 234 2608 lQ.
248 2571 340 2604 Lucio
357 2573 489 2606 Philoni.
495 2572 637 2617 ]Lucius
652 2572 746 2605 Philo
764 2575 879 2618 Qaes·
923 2576 1087 2608 Tribunus
1100 2574 1201 2617 plebis
1213 2574 1318 2616 legem
1329 2573 1406 2606 tulit
1417 2575 1461 2606 de
1471 2571 1667 2617 repetundis.

138 2622 190 2647 tor
201 2615 248 2648 fui
240 2623 276 2653 t,
285 2616 374 2649 alter
391 2619 526 2650 Praetor.
927 2620 984 2652 Cic
1001 2621 1040 2652 de
1058 2620 1143 2652 Clar.
1161 2621 1292 2650 Orator.

170 2663 234 2690 .12.
265 2660 324 2691 Por
323 2661 432 2712 meio]
471 2662 587 2694 Strabo
621 2661 681 2694 ille
707 2662 882 2706 Pompeius
968 2666 1020 2696 99.
1034 2665 1072 2696 2.
1091 2661 1257 2705 Οιεείίὲτιεμ]
1271 2652 1371 2694 Non
1362 2673 1400 2702 rs,
1415 2662 1471 2706 qui
1483 2661 1606 2695 Verris·
1613 2670 1667 2693 ae·

139 2703 287 2746 'Pompeii
303 2707 413 2747 magni
428 2717 542 2748 parens
554 2706 626 2738 suit.
923 2709 1120 2740 cusationem
1135 2707 1288 2749 postulat.

169 2747 226 2784 lb.
251 2748 286 2780 T.
308 2750 376 2780 Albi
379 2751 490 2794 coium]
513 2750 675 2783 Albucius
687 2758 773 2797 post·
789 2753 878 2783 Prae-
967 2756 1018 2783 31.
1037 2752 1149 2782 4choei.
1153 2751 1243 2797 JQu'
1259 2751 1512 2794 repetundarum
1529 2738 1667 2782 cibini-

134 2793 413 2876 Ξιξαὲηθὸἕέἓίηἰκ
428 2795 572 2838 pr'aefuitz
589 2794 725 2849 dequo
717 2806 751 2828 m
766 2797 830 2829 Pie.
844 2804 884 2830 et*
921 2807 976 2830 um
991 2795 1189 2830 accusabam.

192 2911 199 2916 -
230 2914 232 2916 ψ
294 2911 299 2916 -
1393 2881 1545 2926 XVII.
1578 2880 1658 2923 Et-
