1872 3140
412 145 480 187 IN
501 143 567 186 Μ.
589 143 913 188 ANTONIUM
941 142 1268 189 PHILIPPICA
1288 144 1342 186 11.
1622 152 1700 191 411

113 277 207 306 cum
225 262 288 303 M.
309 258 454 302 Crasso
474 261 682 302 contentio
702 271 820 309 esset,
852 274 1028 313 quocum
1049 260 1187 299 multae
1207 268 1249 300 et
1271 271 1427 313 magnae
1450 257 1630 309 fuerunt,

115 334 199 363 non
219 333 312 359 cum
343 331 426 357 uno
447 319 666 370 gladiatore
686 318 946 370 nequissimO,
977 318 1028 356 de
1058 329 1142 370 rep.
1165 316 1339 371 graviter
1358 329 1547 368 querens,
1578 317 1629 357 de

114 376 281 418 homine
315 375 416 414 nihil
452 374 551 414 dixi.
611 373 764 427 ltaque,
795 374 917 413 hodie
947 373 1169 436 perficiam,
1197 384 1240 413 ut
1271 372 1467 426 intelligit
1503 388 1630 426 quau-
1649 376 1701 411 55

113 442 201 474 tum
223 447 244 473 a
265 446 331 472 me
358 431 599 472 beneficium
633 443 721 472 tum
755 429 966 483 acceperit.
1027 431 1083 470 At
1119 430 1239 471 etiam
1270 430 1417 476 literas,
1447 443 1544 482 quas
1565 444 1630 470 mc

114 488 188 530 sibi
209 489 360 528 misisse
375 488 549 552 diceret,
570 487 766 534 recitavit,
790 487 915 526 homo
937 497 977 526 et
998 486 1259 526 humanitatis
1291 499 1449 538 expers,
1478 497 1518 527 et
1539 487 1632 527 vitu:

113 546 340 586 communis
375 545 397 584 i‹
392 559 549 598 gnarus.
607 544 710 610 Quis
743 543 851 582 enim
872 556 1068 594 unquam,
1098 543 1167 596 qui
1188 541 1395 595 pullulum
1416 543 1539 582 modo
1560 544 1634 584 bo-

115 615 264 642 norum
286 603 617 642 consuetudinem
635 598 785 647 nosset,
815 600 948 638 literas
969 599 1018 638 ad
1039 613 1079 638 se
1101 600 1149 638 ab
1170 599 1297 638 amico
1318 600 1468 647 missas,
1501 599 1636 640 offen·

116 659 228 698 sione
263 655 393 711 aliqua
412 654 660 711 interposita,
689 657 730 696 in
751 656 931 694 medium
963 655 1145 708 protulit,
1176 656 1388 717 palamque
1418 657 1625 697 recitavit.
1618 655 1631 685 Ρ
1652 662 1706 697 60

119 715 234 770 Quid
269 726 327 755 est
363 715 494 754 aliud
503 715 644 758 tollere
678 711 698 752 ὲ
720 710 801 752 vitii
820 712 911 751 vitae
941 711 1188 775 societatem,
1218 724 1322 765 quan
1315 727 1340 750 ι
1361 713 1501 753 tolleie
1536 714 1634 753 ami-

118 786 260 811 corum
280 771 478 824 colloquia
507 770 754 810 absentium.
747 768 761 797 Ρ
803 770 926 822 quam
946 770 1072 808 multa
1096 768 1187 820 joca
1220 769 1350 808 solent
1372 783 1454 808 esse
1489 771 1530 809 in
1551 771 1636 823 epi-
1764 788 1781 793 “

88 856 93 868 ι
124 829 253 878 stolis,
285 841 375 881 quae
405 829 557 881 prolata
588 827 618 866 si
650 827 742 874 sint,
784 825 920 879 inepta
949 839 1031 865 esse
1073 824 1319 866 videantur?
1361 823 1484 878 quam
1509 827 1637 868 multa

119 885 235 932 seria,
263 897 396 937 neque
427 895 563 924 tamen
584 884 666 923 ullo
688 883 812 922 modo
845 881 1122 937 divulganda?
1180 880 1241 922 Sit
1263 882 1342 921 hoc
1363 882 1634 922 inhumanita-

118 941 170 982 tis
199 952 304 981 tuae:
332 941 542 980 stultitiam
563 940 841 980 incredibilem
877 939 1025 979 videte
1084 937 1199 980 Ouid
1234 939 1373 986 habes,
1402 941 1513 992 quod
1534 941 1633 981 mihi
1653 954 1703 988 55

119 1010 312 1050 opponas,
339 996 466 1036 homo
500 997 662 1045 diserte,
691 1007 734 1036 ut
772 995 971 1036 Mustellae
993 983 1179 1036 Tamisio
1214 1007 1254 1036 et
1280 994 1425 1035 Tironi
1449 995 1634 1038 Numisio

119 1051 294 1094 videris.
285 1052 300 1083 Ρ
331 1053 401 1106 qui
421 1067 514 1094 cum
534 1053 641 1094 hoc
632 1067 717 1107 ipso
739 1063 922 1104 tempore
942 1064 1048 1093 stent
1077 1066 1170 1093 cum
1191 1052 1366 1106 gladiis
1357 1066 1398 1091 ιιι
1419 1065 1635 1108 conspectu

120 1107 309 1158 Senatus,
352 1124 429 1164 ego
468 1117 630 1164 quoque
666 1122 708 1150 te
746 1109 944 1150 disertum
982 1110 1147 1160 putabo,
1190 1109 1222 1149 si
1267 1109 1505 1159 ostenderis,
1553 1125 1669 1167 quod
1774 1150 1802 1161 A

120 1168 246 1208 modo
277 1166 328 1208 sis
362 1181 431 1208 eos
465 1168 575 1207 inter·
604 1167 763 1224 sicarios
797 1164 1049 1223 defensurus.
1105 1166 1188 1206 Sed
1218 1165 1323 1230 qui-’d
1351 1179 1529 1219 opponas
1549 1177 1638 1208 tan-
1701 1164 1852 1232 ‘fr

121 1224 234 1273 dem,
253 1224 286 1264 si
312 1238 459 1278 negem
492 1219 559 1264 ine
592 1220 772 1277 unquam
806 1220 898 1263 i‘s'tas
923 1214 1066 1264 literas
1094 1224 1145 1263 ad
1164 1233 1204 1263 te
1238 1222 1421 1263 misisse.
1413 1221 1426 1251 Ρ
1458 1238 1540 1278 quo
1570 1238 1636 1266 me
1654 1236 1709 1274 70
1748 1220 1779 1227 ”
1806 1215 1866 1235 m>

120 1291 224 1325 teste
252 1279 501 1336 convincas?
531 1295 582 1320 an
614 1279 918 1344 chirographo?
962 1281 1004 1320 in
1036 1295 1117 1335 quo
1149 1280 1271 1320 habes
1300 1279 1507 1322 scientiam
1527 1295 1640 1335 quae—

123 1348 326 1388 stuosarn;
369 1337 440 1392 qui
483 1336 643 1392 possis?
692 1347 785 1377 sunt
823 1337 934 1378 enim
972 1337 1123 1378 librarii
1160 1351 1295 1377 manu
1357 1335 1446 1378 Jam
1475 1338 1639 1380 invideo

125 1395 317 1450 magistro
360 1405 448 1443 tuo,
493 1395 562 1448 qui
601 1406 641 1434 te
679 1392 790 1434 tanta
818 1395 1020 1458 mercede,
1064 1404 1257 1459 quantam
1290 1394 1375 1445 jam
1420 1393 1640 1448 proferam,

126 1451 230 1491 nihil
249 1465 384 1505 sapere
405 1452 560 1491 doceat.
621 1451 735 1506 Quid
762 1450 872 1491 enim
906 1462 964 1492 est
984 1451 1120 1492 minus
1140 1464 1223 1491 non
1244 1451 1336 1491 dico
1356 1451 1538 1501 oratoris,
1568 1454 1639 1493 sed

125 1508 320 1558 hominis,
349 1522 472 1562 quam
504 1508 545 1547 id
576 1507 749 1559 objicere
783 1507 1025 1572 adversario,
1055 1508 1165 1563 quod
1184 1508 1250 1548 ille
1271 1507 1301 1547 si
1321 1509 1444 1548 verbo
1465 1508 1639 1564 negarit,
1656 1522 1711 1561 75

133 1561 297 1629 longius
317 1565 506 1629 progredi
536 1579 621 1604 non
651 1565 774 1618 possit
805 1565 875 1618 qui
914 1563 1136 1616 objecerit?
1196 1566 1252 1605 At
1287 1578 1363 1619 ego
1389 1579 1473 1605 non
1507 1580 1638 1621 nego:

125 1632 248 1675 teque
278 1621 326 1661 in
349 1621 425 1662 isto
453 1622 538 1675 ipso
568 1621 766 1661 convinco
802 1635 887 1661 non
919 1621 1223 1662 inhumanitatis
1253 1620 1400 1670 solum,
1429 1623 1499 1663 sed
1518 1623 1642 1663 etiam

124 1677 343 1726 amentiae3
375 1679 485 1732 quod
505 1678 616 1718 enim
636 1677 834 1718 verbum
825 1692 867 1718 m
887 1678 970 1718 istis
988 1679 1111 1719 literis
1132 1688 1190 1718 est
1210 1692 1293 1718 non
1313 1679 1478 1732 plenum
1493 1680 1643 1720 huma-

125 1734 278 1783 nitatis,
307 1735 447 1789 officii,
489 1733 821 1775 benevolentiae?
879 1735 1017 1775 Omne
1055 1745 1191 1776 autem
1221 1735 1375 1775 crimen
1412 1745 1529 1776 tuum
1567 1747 1642 1784 est,

126 1787 243 1845 quod
271 1801 312 1832 te
340 1791 384 1836 in
413 1791 475 1831 his
503 1792 628 1832 literis
656 1805 741 1831 non
770 1788 874 1831 male
903 1791 1157 1832 existimem·
1147 1821 1160 1841 ,
1207 1789 1320 1846 quod
1352 1792 1522 1833 scribam
1553 1802 1643 1834 tan·
1660 1807 1717 1844 30

128 1861 253 1901 quam
290 1849 342 1888 ad
381 1848 524 1897 civem,
553 1859 747 1902 tanquam
776 1849 827 1887 ad
854 1849 1007 1888 bonum
1022 1849 1196 1891 virum·
1187 1879 1199 1897 ‚
1243 1863 1328 1889 non
1361 1859 1553 1904 tanquam
1591 1852 1644 1891 ad

127 1905 366 1945 sceleratum
395 1916 437 1946 et
470 1907 682 1946 latronem.
742 1905 797 1944 At
831 1918 907 1959 ego
939 1915 1026 1945 tuas
1064 1906 1214 1956 literas,
1243 1905 1317 1946 etsi
1344 1905 1436 1958 jure
1462 1917 1646 1961 poteram

129 1974 156 2002 a
175 1971 217 2001 te
236 1961 451 2010 lacessitus,
479 1972 616 2002 tamen
637 1976 722 2011 non
751 1960 980 2015 proferam·
971 1991 983 2011 ,
1015 1962 1158 2016 quibus
1189 1963 1305 2017 petis,
1334 1973 1379 2003 ut
1395 1963 1467 2004 tibi
1487 1978 1559 2028 per
1577 1979 1645 2004 me

129 2016 247 2057 liceat
268 2019 471 2072 quendam
492 2019 544 2059 de
573 2019 696 2058 exilio
729 2019 950 2060 reducere.
993 2019 1230 2074 adjurasque
1259 2019 1299 2060 id
1330 2029 1387 2068 te,
1417 2020 1543 2061 invito
1564 2035 1645 2069 me,

130 2087 217 2122 non
237 2088 321 2115 esse
350 2074 577 2118 facturum:
605 2074 774 2128 idque
758 2090 783 2116 a
810 2089 876 2116 me
905 2076 1122 2130 impetras3
1154 2076 1253 2132 quid
1286 2076 1492 2121 enim'me
1521 2078 1647 2118 inter·
1665 2089 1728 2134 85

1864 1926 1872 2008 ¹1¹

1864 2137 1872 2188 l

175 2188 228 2221 53.
253 2187 325 2217 Cum
341 2186 390 2218 M.
407 2186 536 2225 &ct-esa]
569 2187 654 2219 Cum
678 2188 732 2218 ino
753 2185 866 2218 Cra'sso
908 2188 1013 2220 multa
1043 2191 1220 2230 proferebat
1257 2189 1600 2230 Antoniusnanquam
1629 2189 1646 2220 51

130 2230 267 2260 ‘homine
279 2230 450 2267 ditissimo,
472 2231 527 2270 qui
554 2232 644 2270 periit
672 2232 704 2261 in
730 2230 865 2267 Parthis,
909 2232 1032 2262 Caesare
1050 2234 1184 2273 scripta.

133 2272 247 2303 multae
261 2280 293 2303 et
318 2283 424 2312 graves
441 2253 568 2303 i‘uerunt
596 2274 765 2304 Ciceroni
759 2274 865 2304 inimi-
951 2277 1004 2309 72.
1020 2274 1146 2306 librarii
1160 2286 1255 2306 mmm.
1261 2274 1276 2318 ]
1301 2276 1422 2316 Scripta
1437 2274 1556 2307 etanta
1569 2278 1645 2307 scri

132 2315 237 2353 citiae3
262 2316 317 2355 qui
331 2325 409 2346 eum
426 2316 651 2361 conjurationis
664 2326 742 2347 cum
760 2317 871 2347 Catili-
913 2315 954 2350 ba
966 2318 1030 2348 sive
1045 2319 1244 2350 amanuensi.

134 2354 410 2399 &insimulaviu
426 2359 480 2389 sed
494 2366 599 2390 tamen
615 2362 741 2399 propter¹
753 2359 873 2396 filium,
958 2361 1002 2391 lb.
1016 2361 1087 2402 ,10an
1104 2362 1149 2391 in·
1145 2362 1213 2391 -idm
1228 2372 1290 2402 mag³
1277 2362 1366 2392 uisero
1387 2360 1461 2401 tua]
1499 2362 1573 2392 Hoc
1587 2362 1645 2393 fes·
1857 2190 1872 3140 Ι

134 2400 193 2439 qui
202 2401 383 2441 studiorum
394 2398 487 2431 causa
499 2401 686 2433 Ciceronem
696 2403 871 2434 assectaba-
914 2403 978 2445 tive
990 2410 1021 2434 et
1037 2397 1226 2435 mordaciter
1242 2405 1380 2435 dicitur
1373 2415 1404 2435 in
1422 2405 1617 2436 Antonium.

137 2446 202 2480 tur,
215 2451 292 2474 cum
307 2452 346 2474 eo
361 2444 580 2474 reconciliatus
594 2452 654 2475 est.
957 2447 1007 2476 84.
1027 2446 1179 2478 Ξηειιώιηι
1199 2448 1233 2476 cle
1246 2447 1342 2477 exilio.
1346 2447 1358 2488 ‘l
1386 2447 1544 2478 Exulabat
1569 2454 1646 2478 tune

180 2485 231 2516 66.
251 2482 402 2516 Murteae
414 2486 563 2525 Ταιιιίεὶο.)
601 2488 700 2520 Erant
715 2488 749 2519 hi
762 2487 872 2519 adula-
917 2488 1029 2519 Sextus
1051 2489 1182 2521 Clodius
1204 2491 1306 2522 Publii
1332 2491 1430 2528 filius,
1447 2491 1484 2520 de
1500 2499 1567 2531 quo
1582 2500 1648 2523 cre-

139 2532 221 2558 tores
239 2526 384 2566 Antonii,
417 2529 533 2569 sicarii,
562 2529 679 2562 indocti
711 2532 871 2568 homines,
916 2531 1013 2563 dibile
1028 2540 1075 2564 est
1092 2533 1392 2582 loquiCiceroncm.

137 2567 263 2610 quibus
281 2569 406 2603 nutum
436 2569 546 2603 doctus
573 2579 606 2602 et
627 2573 760 2604 disertus
776 2575 873 2605 sideri
960 2574 1219 2619 li›.AdJ›1rasq11e.]
1242 2575 1395 2617 Adjurare
1407 2579 1454 2606 est
1465 2575 1651 2617 juramento

139 2619 270 2652 poterat.
690 2619 702 2636 r
911 2618 991 2659 quid
1004 2615 1204 2659 confirmare

182 2657 234 2685 Ἦ.
261 2651 321 2686 An
335 2655 409 2686 chiro
408 2656 540 2706 grapho]
575 2657 684 2689 Solent
711 2659 870 2699 chirogra-
956 2661 1010 2692 85.
1023 2654 1371 2701 Qen'd'meimerponerem.
1377 2661 1389 2700 ]
1405 2659 1518 2692 Cicero
1528 2665 1651 2702 petenti

138 2699 245 2747 phum
273 2698 429 2739 appellare
455 2700 609 2741 quidquid
636 2710 735 2733 manu
765 2683 875 2745 sci'ibi·
920 2705 1059 2736 Antonio
1074 2703 1178 2735 noluit
1193 2705 1344 2744 resistere,
1367 2705 1445 2752 quia
1467 2705 1585 2736 sciebat
1607 2708 1650 2738 ab

140 2738 204 2779 tur.
917 2755 956 2777 eo
980 2747 1196 2784 reducendum
1226 2756 1294 2777 esse
1318 2744 1485 2786 Clodium,
1505 2749 1562 2790 qui
1580 2748 1649 2790 lege

145 2785 147 2788 ⁴
181 2783 228 2819 lb,
239 2783 391 2814 Scientim
403 2789 599 2825 quatuos-am.
605 2783 620 2826 ]
644 2785 680 2816 ld
693 2785 768 2816 dicit
778 2797 875 2836 prop·
919 2786 1009 2820 lata
995 2799 1012 2819 a
1036 2782 1157 2819 Caesare
1172 2787 1238 2826 jam
1251 2789 1450 2821 reducendus
1463 2798 1550 2822 erat·
1541 2813 1553 2830 ‚
1574 2801 1649 2834 quae

135 2831 207 2880 ἰτ
197 2832 271 2865 ὅσα,
286 2826 430 2893 casaris,
449 2826 543 2868 cujus
566 2836 700 2860 manum
728 2829 870 2862 imitatus
915 2831 989 2864 lex
982 2842 1015 2863 ιιι
1026 2831 1095 2871 ejus
1110 2831 1189 2863 actis
1208 2839 1337 2873 reperta·
1341 2839 1397 2865 est-

1452 2891 1647 2932 ponerem
