1872 3140
633 164 718 209 DE
748 164 1119 211 SENECTUTE.
1638 157 1723 211 529'

120 281 221 335 divi,
243 289 283 324 et
302 280 394 340 legi,
416 289 456 323 et
484 279 573 339 ipse
605 280 846 337 conscripsi.
911 281 1012 324 Quo
1047 280 1216 337 quidem
1237 293 1306 321 me
1326 280 1663 335 proficiscentem

123 339 234 382 haud
257 341 357 382 sane
392 340 485 396 quis
518 338 639 382 facile
666 338 900 381 retraxerit:
933 354 1069 395 neque
1090 348 1290 394 tanquam
1316 338 1470 381 Peliam
1493 355 1662 382 recoxe-

125 397 178 440 rit
196 413 203 438 :
237 406 277 438 et
297 396 330 439 si
351 398 443 455 quis
473 397 573 439 deus
605 395 711 438 mihi
732 395 944 453 largiatur,
966 407 1013 437 ut
1033 410 1084 437 cx
1106 396 1186 436 hac
1223 404 1343 437 aetate
1365 412 1668 452 repuerascam,

124 465 167 497 et
185 453 228 496 in
251 455 370 497 cunis
390 455 569 513 vagiam,
588 453 707 496 valde
729 469 916 496 recusem
936 469 946 494 ε
981 468 1058 494 nec
1079 454 1174 494 vero
1195 452 1335 505 velim,
1359 455 1475 511 quasi
1496 456 1668 504 decurso
1692 463 1745 498 25

129 512 277 568 spati0‚
297 513 346 554 ad
379 514 600 555 carceres&
623 512 733 554 calce
764 510 974 554 revocari:
1008 510 1105 567 quid
1141 510 1254 563 enim
1291 511 1416 553 habet
1449 512 1528 554 vita
1549 529 1670 555 com-

129 570 273 614 modi?
309 571 408 628 quid
430 564 519 613 n'on¹
536 568 677 626 potius
693 568 846 617 laboris
864 569 877 610 ?
915 568 983 610 sed
1001 568 1153 610 habeat
1172 569 1269 610 san}
1289 586 1301 622 3
1336 569 1457 612 habet
1480 574 1588 612 certe
1608 581 1672 613 ta-

130 643 230 671 men
250 639 320 670 aut
349 628 592 679 satietatem,
615 635 685 668 aut
705 626 908 678 modum3
943 641 1028 667 non
1051 625 1163 667 lubet
1184 626 1297 668 enim
1317 627 1423 668 mihi
1459 627 1672 684 deplorare
1705 675 1708 678 Α

131 686 277 739 vitam,
316 686 426 743 quod
463 685 587 727 multi
622 693 662 725 et
701 684 728 725 ii
763 684 875 725 docti
907 699 1015 738 saepe
1042 683 1253 725 fecerunt:
1288 699 1422 741 neque
1440 701 1507 726 me
1528 685 1676 729 vixisse

133 745 323 801 poenitet,
347 743 547 800 quoniam
568 743 624 784 ita
642 741 742 793 vixi,
766 752 812 784 ut
830 757 918 784 non
955 741 1106 783 frustra
1128 757 1196 783 me
1228 751 1373 784 natum
1406 743 1641 786 existimem
1663 761 1677 799 ς
1700 751 1756 787 30

135 810 176 844 et
211 817 259 844 ex
294 802 378 843 vita
412 801 468 843 ita
499 800 681 852 discedo,
719 807 920 856 tanquam
951 814 1000 841 ex
1036 799 1235 855 hospitio,
1266 816 1353 842 non
1389 809 1587 858 tanquam
1628 818 1679 851 ex

137 859 292 912 domo3
326 857 615 901 commorandi
650 856 763 899 enim
792 868 938 899 natura
964 856 1239 900 diversorium
1271 858 1411 912 nobis,
1444 875 1530 901 non
1555 860 1676 903 habi-

139 917 254 959 tandi
278 916 398 958 dedit.
460 917 500 959 O
536 915 780 972 praeclarum
817 915 944 967 diem,
968 918 1067 958 cum
1090 915 1139 957 ad
1163 915 1263 958 illud
1285 915 1476 959 divinum
1512 917 1678 960 animo-

141 989 235 1017 rum
269 973 497 1017 concilium
533 983 779 1030 coetumque
814 972 1079 1029 proficiscar!
1115 975 1298 1031 cumque
1328 990 1376 1017 ex
1398 976 1479 1017 hac
1500 975 1620 1018 turba
1640 985 1682 1019 et

141 1032 376 1075 colluvione
409 1032 646 1075 discedam!
681 1031 917 1088 proficiscar
946 1031 1060 1073 enim
1095 1046 1182 1073 non
1213 1032 1262 1074 ad
1294 1048 1363 1074 eos
1395 1033 1533 1075 solum
1555 1033 1678 1088 viros,
1705 1038 1757 1076 35

142 1091 193 1132 de
214 1090 364 1149 quibus
387 1093 484 1132 ante
508 1089 620 1143 dixi3
653 1090 721 1132 sed
758 1090 883 1130 etiam
914 1090 963 1130 ad
1001 1090 1207 1131 Catonem
1237 1105 1398 1143 meum,
1437 1106 1520 1148 quo
1555 1108 1682 1135 nemo

143 1148 206 1193 vir
222 1148 369 1191 melior
383 1158 504 1190 natus
525 1157 600 1197 est,
620 1162 745 1189 nemo
767 1146 916 1203 pietate
937 1147 1226 1202 praestantium
1261 1151 1378 1204 eujus
1399 1149 1424 1191 ἐι
1444 1164 1513 1191 me
1534 1165 1684 1207 corpus

146 1210 377 1249 crematum
414 1215 498 1247 est:
534 1206 643 1264 quod
675 1206 821 1247 contr&
852 1204 990 1247 decuit
1021 1204 1163 1247 abillo
1186 1221 1358 1259 meum3
1392 1206 1557 1249 animus
1590 1211 1686 1252 vero

146 1280 233 1307 non
253 1279 321 1307 me
341 1264 543 1316 deserens,
566 1264 634 1305 sed
655 1268 901 1318 respectans,
924 1263 969 1306 in
989 1278 1035 1304 ea
1053 1262 1239 1319 profecto
1260 1264 1352 1306 loca
1381 1265 1583 1319 discessit,
1601 1269 1686 1324 quo

150 1322 259 1366 mihi
278 1321 356 1379 ipsi
377 1321 571 1364 cernebat
590 1336 676 1363 esse
697 1320 949 1365 veniendum
968 1337 977 1362 :
1012 1337 1137 1378 quem
1157 1337 1233 1380 ego
1264 1338 1406 1365 meum
1437 1337 1580 1366 casum
1603 1325 1686 1367 for·
1707 1330 1765 1366 40

149 1380 243 1423 titer
262 1380 362 1422 ferre
380 1379 491 1421 visus
513 1395 605 1421 sum
622 1397 634 1432 3
667 1395 754 1421 non
776 1380 886 1437 quod
909 1395 1031 1437 aequo
1053 1379 1388 1437 animozferrem3
1424 1382 1581 1440 sedfme
1602 1382 1689 1439 ipse

151 1437 410 1490 consolabar,
429 1437 669 1480 existimans
688 1453 774 1480 non
795 1437 1073 1495 longinquum
1090 1438 1195 1480 inter
1208 1454 1284 1481 nos
1301 1439 1532 1496 digressum
1549 1449 1589 1481 et
1604 1441 1692 1483 dis-

153 1511 318 1539 cessum
336 1496 437 1539 fore.
500 1496 582 1539 His
602 1496 709 1538 mihi
730 1496 867 1549 rebus,
892 1496 1050 1553 Scipio,
1075 1496 1113 1538 id
1145 1496 1258 1539 enim
1281 1507 1319 1540 te
1339 1513 1438 1540 cum
1459 1498 1594 1540 Laelio
1616 1500 1692 1541 ad..

153 1554 295 1597 mirari
313 1554 439 1596 solere
460 1554 615 1607 dixisti,
639 1554 736 1596 levis
758 1553 817 1596 est
838 1565 1043 1608 senectus,
1061 1570 1139 1597 nec
1155 1555 1294 1598 solum
1307 1571 1395 1598 non
1413 1556 1601 1610 molesta,
1615 1558 1690 1600 sed

155 1613 282 1655 etiam
312 1613 520 1670 jucunda:
555 1613 666 1670 quod
687 1612 721 1654 si
743 1613 784 1655 in
817 1613 897 1655 hoe
917 1618 1022 1666 erro,
1054 1613 1166 1670 quod
1187 1614 1351 1656 animos
1372 1613 1598 1656 hominum
1616 1615 1695 1658 im·
1713 1618 1769 1655 45

155 1669 349 1712 mortales
371 1686 456 1713 esse
477 1672 657 1723 credam,
678 1671 867 1713 lubenter
886 1686 974 1713 erro
991 1689 1003 1725 3
1038 1687 1114 1714 nec
1136 1672 1245 1714 mihi
1266 1673 1380 1714 hunc
1396 1687 1590 1726 errorem,
1609 1689 1694 1732 quo

156 1728 350 1781 delector,
370 1728 596 1782 dum‘vivo,
626 1730 859 1787 extorqueri
878 1729 996 1773 volo:
1032 1730 1095 1772 sin
1127 1740 1332 1784 mortuus,
1356 1740 1402 1772 ut
1420 1730 1592 1788 quidam
1609 1732 1693 1774 mi-

159 1787 250 1829 nuti
269 1787 510 1844 philosophi
540 1798 725 1841 censent,
747 1788 853 1830 nihil
875 1788 1067 1841 sentiam,
1100 1804 1188 1830 non
1217 1804 1371 1842 vereor,
1404 1804 1456 1832 ne
1486 1790 1599 1831 hunc
1631 1806 1695 1832 er-

159 1859 296 1887 rorem
329 1860 471 1887 meum
504 1846 658 1888 mortui
690 1846 928 1902 philosophi
964 1846 1181 1888 irrideant:
1223 1848 1335 1905 quod
1372 1847 1406 1889 si
1437 1862 1524 1890 non
1551 1863 1696 1891 sumus
1745 1900 1747 1902 ‚

161 1902 432 1960 immortales¹
448 1903 590 1957 futuri,
624 1913 763 1946 tamen
792 1904 976 1962 extingui
999 1904 1162 1946 homini
1189 1920 1264 1947 suo
1294 1915 1480 1962 tempore
1515 1906 1697 1963 optabile
1719 1910 1774 1948 50

165 1970 240 2004 est.
299 1962 417 2004 Nam
448 1962 574 2004 habet
601 1972 761 2015 natura,
785 1972 830 2005 ut
857 1963 1031 2005 aliarum
1052 1963 1244 2005 omnium
1269 1978 1421 2016 rerum,
1444 1963 1503 2006 sic
1534 1965 1701 2009 vivendi

165 2018 356 2065 modum.
418 2020 617 2063 Senectus
650 2030 788 2063 autem
823 2020 1005 2077 peractio
1034 2021 1166 2063 aetatis
1200 2031 1263 2064 est
1291 2031 1492 2079 tanquam
1522 2022 1698 2067 fabulae:
1747 2071 1750 2075 A

166 2077 284 2135 cujus
301 2076 637 2135 defatigationem
652 2077 792 2136 fugere
814 2080 1029 2131 debemus,
1049 2079 1278 2136 praesertim
1293 2080 1354 2137 adj
1362 2083 1489 2122 uncta
1502 2081 1698 2125 satietate.

168 2135 279 2178 Haec
295 2135 423 2178 habui
441 2136 490 2178 de
506 2146 713 2178 senectute
730 2152 825 2196 quae
840 2136 1018 2180 dicerem
1035 2153 1044 2180 :
1077 2138 1127 2179 ad
1144 2153 1271 2196 quam
1293 2139 1454 2181 utinam
1477 2139 1699 2202 ‘pervenia-

171 2192 223 2236 tis
241 2191 251 2237 l
284 2203 330 2240 ut
349 2208 412 2247 ea,
435 2209 529 2256 quae
546 2210 596 2237 ex
613 2209 680 2237 me
700 2195 886 2249 audistis,
909 2211 951 2240 re
971 2205 1132 2255 experti
1153 2196 1324 2254 probare
1345 2207 1525 2255 possuis.
1723 2202 1775 2237 55

1411 2943 1478 2992 M.
1508 2942 1722 2988 TULLII
