<?xml version="1.0" encoding="UTF-8"?>
<!DOCTYPE html PUBLIC "-//W3C//DTD XHTML 1.0 Transitional//EN"
    "http://www.w3.org/TR/xhtml1/DTD/xhtml1-transitional.dtd">
<html xmlns="http://www.w3.org/1999/xhtml" xml:lang="en" lang="en">
 <head>
  <title>
</title>
<meta http-equiv="Content-Type" content="text/html;charset=utf-8" />
  <meta name='ocr-system' content='tesseract 3.04.00' />
  <meta name='ocr-capabilities' content='ocr_page ocr_carea ocr_par ocr_line ocrx_word'/>
</head>
<body>
  <div class='ocr_page' id='page_1' title='image "./orationesquaedam00ciceuoft/orationesquaedam00ciceuoft_0028.png"; bbox 0 0 1872 3135; ppageno 0'>
   <div class='ocr_carea' id='block_1_1' title="bbox 137 162 1260 209">
    <p class='ocr_par' dir='ltr' id='par_1_1' title="bbox 137 162 1260 209">
     <span class='ocr_line' id='line_1_1' title="bbox 137 162 1260 209; baseline 0.003 -5"><span class='ocrx_word' id='word_1_1' title='bbox 137 162 204 205; x_wconf 78' lang='lat' dir='ltr'>xvi</span> <span class='ocrx_word' id='word_1_2' title='bbox 592 166 655 208; x_wconf 89' lang='lat' dir='ltr'>M.</span> <span class='ocrx_word' id='word_1_3' title='bbox 687 164 898 207; x_wconf 85' lang='lat' dir='ltr'>TULLII</span> <span class='ocrx_word' id='word_1_4' title='bbox 932 164 1260 209; x_wconf 77' lang='lat' dir='ltr'>CICERONIS</span> 
     </span>
    </p>
   </div>
   <div class='ocr_carea' id='block_1_2' title="bbox 126 272 1724 1883">
    <p class='ocr_par' dir='ltr' id='par_1_2' title="bbox 126 272 1724 1876">
     <span class='ocr_line' id='line_1_2' title="bbox 138 272 1722 330; baseline 0.004 -16"><span class='ocrx_word' id='word_1_5' title='bbox 138 272 278 314; x_wconf 89' lang='lat' dir='ltr'>Plures</span> <span class='ocrx_word' id='word_1_6' title='bbox 304 272 393 330; x_wconf 88' lang='lat' dir='ltr'>ejus</span> <span class='ocrx_word' id='word_1_7' title='bbox 424 274 636 314; x_wconf 77' lang='lat' dir='ltr'>sententiae</span> <span class='ocrx_word' id='word_1_8' title='bbox 659 274 909 330; x_wconf 74' lang='lat' dir='ltr'>acquiexere.</span> <span class='ocrx_word' id='word_1_9' title='bbox 972 274 1147 316; x_wconf 81' lang='lat' dir='ltr'>Censuit</span> <span class='ocrx_word' id='word_1_10' title='bbox 1168 276 1219 317; x_wconf 87' lang='grc' dir='ltr'>Τ.</span> <span class='ocrx_word' id='word_1_11' title='bbox 1240 277 1376 327; x_wconf 82' lang='lat' dir='ltr'>Nero,</span> <span class='ocrx_word' id='word_1_12' title='bbox 1409 284 1456 317; x_wconf 88' lang='lat' dir='ltr'>ut</span> <span class='ocrx_word' id='word_1_13' title='bbox 1478 276 1520 318; x_wconf 89' lang='lat' dir='ltr'>in</span> <span class='ocrx_word' id='word_1_14' title='bbox 1543 275 1722 320; x_wconf 77' lang='lat' dir='ltr'>vinculis</span> 
     </span>
     <span class='ocr_line' id='line_1_3' title="bbox 136 331 1718 387; baseline 0.003 -17"><span class='ocrx_word' id='word_1_15' title='bbox 136 338 396 371; x_wconf 82' lang='lat' dir='ltr'>tenerentur·</span> <span class='ocrx_word' id='word_1_16' title='bbox 384 362 396 382; x_wconf 88' lang='lat'>,</span> <span class='ocrx_word' id='word_1_17' title='bbox 432 331 479 373; x_wconf 72' lang='lat' dir='ltr'>t:</span> <span class='ocrx_word' id='word_1_18' title='bbox 504 332 538 369; x_wconf 76' lang='lat' dir='ltr'>C</span> <span class='ocrx_word' id='word_1_19' title='bbox 545 345 658 382; x_wconf 62' lang='lat' dir='ltr'>resar,</span> <span class='ocrx_word' id='word_1_20' title='bbox 696 342 738 372; x_wconf 89' lang='lat' dir='ltr'>ut</span> <span class='ocrx_word' id='word_1_21' title='bbox 756 331 876 372; x_wconf 89' lang='lat' dir='ltr'>bonis</span> <span class='ocrx_word' id='word_1_22' title='bbox 897 346 1037 373; x_wconf 85' lang='lat' dir='ltr'>eorum</span> <span class='ocrx_word' id='word_1_23' title='bbox 1059 331 1275 387; x_wconf 87' lang='lat' dir='ltr'>publicatis</span> <span class='ocrx_word' id='word_1_24' title='bbox 1298 347 1367 387; x_wconf 87' lang='lat' dir='ltr'>per</span> <span class='ocrx_word' id='word_1_25' title='bbox 1388 333 1621 387; x_wconf 83' lang='lat' dir='ltr'>municipia</span> <span class='ocrx_word' id='word_1_26' title='bbox 1637 334 1718 375; x_wconf 87' lang='lat' dir='ltr'>cir-</span> 
     </span>
     <span class='ocr_line' id='line_1_4' title="bbox 135 386 1722 453; baseline 0.004 -27"><span class='ocrx_word' id='word_1_27' title='bbox 135 394 454 429; x_wconf 75' lang='lat' dir='ltr'>cumtc.rrentur</span> <span class='ocrx_word' id='word_1_28' title='bbox 497 386 668 428; x_wconf 80' lang='lat' dir='ltr'>Cicero</span> <span class='ocrx_word' id='word_1_29' title='bbox 661 403 704 428; x_wconf 90' lang='grc' dir='ltr'>ιιι</span> <span class='ocrx_word' id='word_1_30' title='bbox 724 398 939 444; x_wconf 86' lang='lat' dir='ltr'>utramque</span> <span class='ocrx_word' id='word_1_31' title='bbox 960 399 1115 453; x_wconf 84' lang='lat' dir='ltr'>partem</span> <span class='ocrx_word' id='word_1_32' title='bbox 1133 388 1340 440; x_wconf 80' lang='lat' dir='ltr'>disseruit,</span> <span class='ocrx_word' id='word_1_33' title='bbox 1370 405 1417 431; x_wconf 87' lang='lat' dir='ltr'>ac</span> <span class='ocrx_word' id='word_1_34' title='bbox 1442 390 1498 432; x_wconf 86' lang='lat' dir='ltr'>ita</span> <span class='ocrx_word' id='word_1_35' title='bbox 1523 390 1642 442; x_wconf 84' lang='lat' dir='ltr'>dixit,</span> <span class='ocrx_word' id='word_1_36' title='bbox 1674 400 1722 433; x_wconf 92' lang='lat' dir='ltr'>ut</span> 
     </span>
     <span class='ocr_line' id='line_1_5' title="bbox 134 443 1721 503; baseline 0.003 -19"><span class='ocrx_word' id='word_1_37' title='bbox 134 443 266 484; x_wconf 86' lang='lat' dir='ltr'>favere</span> <span class='ocrx_word' id='word_1_38' title='bbox 283 443 420 497; x_wconf 83' lang='lat' dir='ltr'>potius</span> <span class='ocrx_word' id='word_1_39' title='bbox 440 443 568 486; x_wconf 85' lang='lat' dir='ltr'>Silani</span> <span class='ocrx_word' id='word_1_40' title='bbox 590 460 716 499; x_wconf 80' lang='lat' dir='ltr'>quam</span> <span class='ocrx_word' id='word_1_41' title='bbox 739 443 910 486; x_wconf 81' lang='lat' dir='ltr'>alioruin</span> <span class='ocrx_word' id='word_1_42' title='bbox 927 447 1138 486; x_wconf 79' lang='lat' dir='ltr'>sententiae</span> <span class='ocrx_word' id='word_1_43' title='bbox 1154 447 1366 487; x_wconf 83' lang='lat' dir='ltr'>videretur.</span> <span class='ocrx_word' id='word_1_44' title='bbox 1399 448 1452 488; x_wconf 83' lang='lat' dir='ltr'>Et</span> <span class='ocrx_word' id='word_1_45' title='bbox 1467 448 1556 489; x_wconf 72' lang='lat' dir='ltr'>haec</span> <span class='ocrx_word' id='word_1_46' title='bbox 1575 458 1721 503; x_wconf 85' lang='lat' dir='ltr'>quarta</span> 
     </span>
     <span class='ocr_line' id='line_1_6' title="bbox 136 500 1717 559; baseline 0.003 -17"><span class='ocrx_word' id='word_1_47' title='bbox 136 502 224 556; x_wconf 88' lang='lat' dir='ltr'>ejus</span> <span class='ocrx_word' id='word_1_48' title='bbox 238 501 281 542; x_wconf 86' lang='lat' dir='ltr'>in</span> <span class='ocrx_word' id='word_1_49' title='bbox 296 500 518 542; x_wconf 83' lang='lat' dir='ltr'>Catilinam</span> <span class='ocrx_word' id='word_1_50' title='bbox 535 503 665 541; x_wconf 82' lang='lat' dir='ltr'>oratio</span> <span class='ocrx_word' id='word_1_51' title='bbox 684 500 776 543; x_wconf 85' lang='lat' dir='ltr'>fuit.</span> <span class='ocrx_word' id='word_1_52' title='bbox 801 500 964 559; x_wconf 77' lang='lat' dir='ltr'>Reliqui</span> <span class='ocrx_word' id='word_1_53' title='bbox 983 502 1195 543; x_wconf 75' lang='lat' dir='ltr'><strong>Senatores</strong></span> <span class='ocrx_word' id='word_1_54' title='bbox 1214 502 1370 543; x_wconf 84' lang='lat' dir='ltr'>Caesari</span> <span class='ocrx_word' id='word_1_55' title='bbox 1389 504 1558 559; x_wconf 89' lang='lat' dir='ltr'>quidem</span> <span class='ocrx_word' id='word_1_56' title='bbox 1577 519 1717 546; x_wconf 87' lang='lat' dir='ltr'>assen-</span> 
     </span>
     <span class='ocr_line' id='line_1_7' title="bbox 135 557 1718 616; baseline 0.004 -19"><span class='ocrx_word' id='word_1_57' title='bbox 135 557 365 609; x_wconf 83' lang='lat' dir='ltr'>tiebantur3</span> <span class='ocrx_word' id='word_1_58' title='bbox 399 559 466 598; x_wconf 85' lang='lat' dir='ltr'>sed</span> <span class='ocrx_word' id='word_1_59' title='bbox 499 559 595 599; x_wconf 78' lang='lat' dir='ltr'>curn</span> <span class='ocrx_word' id='word_1_60' title='bbox 638 587 658 596; x_wconf 51' lang='lat' dir='ltr'>c</span> <span class='ocrx_word' id='word_1_61' title='bbox 673 567 738 599; x_wconf 86' lang='lat' dir='ltr'>ato</span> <span class='ocrx_word' id='word_1_62' title='bbox 765 559 978 600; x_wconf 83' lang='lat' dir='ltr'>Tribunus</span> <span class='ocrx_word' id='word_1_63' title='bbox 1001 559 1127 614; x_wconf 83' lang='lat' dir='ltr'>plebis</span> <span class='ocrx_word' id='word_1_64' title='bbox 1147 560 1391 601; x_wconf 82' lang='lat' dir='ltr'>sententiam</span> <span class='ocrx_word' id='word_1_65' title='bbox 1412 571 1577 616; x_wconf 81' lang='lat' dir='ltr'>rogatus</span> <span class='ocrx_word' id='word_1_66' title='bbox 1598 572 1718 613; x_wconf 87' lang='lat' dir='ltr'>esset,</span> 
     </span>
     <span class='ocr_line' id='line_1_8' title="bbox 135 614 1718 672; baseline -0.001 -16"><span class='ocrx_word' id='word_1_67' title='bbox 135 617 250 656; x_wconf 82' lang='lat' dir='ltr'>tanta</span> <span class='ocrx_word' id='word_1_68' title='bbox 268 614 534 656; x_wconf 83' lang='lat' dir='ltr'>contentione</span> <span class='ocrx_word' id='word_1_69' title='bbox 553 614 672 664; x_wconf 81' lang='lat' dir='ltr'>dixit,</span> <span class='ocrx_word' id='word_1_70' title='bbox 697 625 742 656; x_wconf 89' lang='lat' dir='ltr'>ut</span> <span class='ocrx_word' id='word_1_71' title='bbox 756 616 828 671; x_wconf 82' lang='lat' dir='ltr'>qni</span> <span class='ocrx_word' id='word_1_72' title='bbox 849 631 917 657; x_wconf 89' lang='lat' dir='ltr'>eos</span> <span class='ocrx_word' id='word_1_73' title='bbox 935 616 959 656; x_wconf 64' lang='lat' dir='ltr'>{t</span> <span class='ocrx_word' id='word_1_74' title='bbox 977 626 1108 657; x_wconf 88' lang='lat' dir='ltr'>morte</span> <span class='ocrx_word' id='word_1_75' title='bbox 1124 616 1381 667; x_wconf 83' lang='lat' dir='ltr'>eximerent,</span> <span class='ocrx_word' id='word_1_76' title='bbox 1389 627 1600 672; x_wconf 83' lang='lat' dir='ltr'>suspectos</span> <span class='ocrx_word' id='word_1_77' title='bbox 1615 633 1718 659; x_wconf 85' lang='lat' dir='ltr'>con-</span> 
     </span>
     <span class='ocr_line' id='line_1_9' title="bbox 126 670 1719 733; baseline 0.003 -21"><span class='ocrx_word' id='word_1_78' title='bbox 126 670 350 733; x_wconf 85' lang='lat' dir='ltr'>jurationis</span> <span class='ocrx_word' id='word_1_79' title='bbox 383 671 596 712; x_wconf 87' lang='lat' dir='ltr'>redderet:</span> <span class='ocrx_word' id='word_1_80' title='bbox 623 681 683 713; x_wconf 83' lang='lat' dir='ltr'>tot</span> <span class='ocrx_word' id='word_1_81' title='bbox 711 672 763 713; x_wconf 88' lang='lat' dir='ltr'>la</span> <span class='ocrx_word' id='word_1_82' title='bbox 766 673 902 714; x_wconf 65' lang='lat' dir='ltr'>idibus</span> <span class='ocrx_word' id='word_1_83' title='bbox 932 673 1203 721; x_wconf 81' lang='lat' dir='ltr'>sedulitatem,</span> <span class='ocrx_word' id='word_1_84' title='bbox 1233 684 1274 716; x_wconf 91' lang='lat' dir='ltr'>et</span> <span class='ocrx_word' id='word_1_85' title='bbox 1301 673 1495 715; x_wconf 83' lang='lat' dir='ltr'>virtutem</span> <span class='ocrx_word' id='word_1_86' title='bbox 1522 675 1719 716; x_wconf 81' lang='lat' dir='ltr'>Consulis</span> 
     </span>
     <span class='ocr_line' id='line_1_10' title="bbox 132 727 1724 786; baseline 0.003 -17"><span class='ocrx_word' id='word_1_87' title='bbox 132 727 293 779; x_wconf 88' lang='lat' dir='ltr'>extulit,</span> <span class='ocrx_word' id='word_1_88' title='bbox 326 738 371 769; x_wconf 87' lang='lat' dir='ltr'>ut</span> <span class='ocrx_word' id='word_1_89' title='bbox 401 729 488 786; x_wconf 79' lang='lat' dir='ltr'>eJus</span> <span class='ocrx_word' id='word_1_90' title='bbox 515 729 758 770; x_wconf 84' lang='lat' dir='ltr'>sententiam</span> <span class='ocrx_word' id='word_1_91' title='bbox 793 729 967 771; x_wconf 87' lang='lat' dir='ltr'>universi</span> <span class='ocrx_word' id='word_1_92' title='bbox 997 731 1123 771; x_wconf 85' lang='lat' dir='ltr'>secuti</span> <span class='ocrx_word' id='word_1_93' title='bbox 1155 729 1245 772; x_wconf 81' lang='lat' dir='ltr'>sint.</span> <span class='ocrx_word' id='word_1_94' title='bbox 1308 732 1453 786; x_wconf 84' lang='lat' dir='ltr'>Itaque</span> <span class='ocrx_word' id='word_1_95' title='bbox 1478 730 1632 772; x_wconf 87' lang='lat' dir='ltr'>factum</span> <span class='ocrx_word' id='word_1_96' title='bbox 1661 741 1724 776; x_wconf 86' lang='lat' dir='ltr'>est</span> 
     </span>
     <span class='ocr_line' id='line_1_11' title="bbox 134 786 1719 852; baseline 0.002 -25"><span class='ocrx_word' id='word_1_97' title='bbox 134 787 549 827; x_wconf 85' lang='lat' dir='ltr'>Senatusconsultum</span> <span class='ocrx_word' id='word_1_98' title='bbox 581 786 623 827; x_wconf 88' lang='lat' dir='ltr'>in</span> <span class='ocrx_word' id='word_1_99' title='bbox 648 787 820 829; x_wconf 88' lang='lat' dir='ltr'>Catonis</span> <span class='ocrx_word' id='word_1_100' title='bbox 842 787 1104 837; x_wconf 82' lang='lat' dir='ltr'>sententiam,</span> <span class='ocrx_word' id='word_1_101' title='bbox 1135 803 1219 851; x_wconf 78' lang='lat' dir='ltr'>quo</span> <span class='ocrx_word' id='word_1_102' title='bbox 1239 787 1458 838; x_wconf 85' lang='lat' dir='ltr'>Lentulus,</span> <span class='ocrx_word' id='word_1_103' title='bbox 1491 788 1719 852; x_wconf 86' lang='lat' dir='ltr'>Cethegus,</span> 
     </span>
     <span class='ocr_line' id='line_1_12' title="bbox 134 841 1718 908; baseline 0.002 -24"><span class='ocrx_word' id='word_1_104' title='bbox 134 841 337 894; x_wconf 80' lang='lat' dir='ltr'>Statilius,</span> <span class='ocrx_word' id='word_1_105' title='bbox 361 842 584 894; x_wconf 86' lang='lat' dir='ltr'>Gabinius,</span> <span class='ocrx_word' id='word_1_106' title='bbox 608 854 646 885; x_wconf 86' lang='lat' dir='ltr'>et</span> <span class='ocrx_word' id='word_1_107' title='bbox 667 844 865 899; x_wconf 79' lang='lat' dir='ltr'>Ceparius</span> <span class='ocrx_word' id='word_1_108' title='bbox 881 845 933 885; x_wconf 87' lang='lat' dir='ltr'>rei</span> <span class='ocrx_word' id='word_1_109' title='bbox 952 845 1247 908; x_wconf 84' lang='lat' dir='ltr'>conjurationis</span> <span class='ocrx_word' id='word_1_110' title='bbox 1264 854 1396 886; x_wconf 88' lang='lat' dir='ltr'>morte</span> <span class='ocrx_word' id='word_1_111' title='bbox 1415 845 1578 887; x_wconf 87' lang='lat' dir='ltr'>multati</span> <span class='ocrx_word' id='word_1_112' title='bbox 1595 857 1718 888; x_wconf 90' lang='lat' dir='ltr'>sunt:</span> 
     </span>
     <span class='ocr_line' id='line_1_13' title="bbox 134 900 1720 965; baseline 0.003 -25"><span class='ocrx_word' id='word_1_113' title='bbox 134 909 255 962; x_wconf 80' lang='lat' dir='ltr'>atque</span> <span class='ocrx_word' id='word_1_114' title='bbox 274 901 331 942; x_wconf 90' lang='lat' dir='ltr'>ita</span> <span class='ocrx_word' id='word_1_115' title='bbox 349 901 496 942; x_wconf 81' lang='lat' dir='ltr'>Cicero</span> <span class='ocrx_word' id='word_1_116' title='bbox 517 900 603 941; x_wconf 81' lang='lat' dir='ltr'>sine</span> <span class='ocrx_word' id='word_1_117' title='bbox 626 901 823 965; x_wconf 84' lang='lat' dir='ltr'>tumultu,</span> <span class='ocrx_word' id='word_1_118' title='bbox 847 901 933 943; x_wconf 86' lang='lat' dir='ltr'>sine</span> <span class='ocrx_word' id='word_1_119' title='bbox 953 901 1216 953; x_wconf 69' lang='lat' dir='ltr'>ar1nis‚sine</span> <span class='ocrx_word' id='word_1_120' title='bbox 1233 901 1428 953; x_wconf 86' lang='lat' dir='ltr'>exercitu,</span> <span class='ocrx_word' id='word_1_121' title='bbox 1453 901 1622 944; x_wconf 86' lang='lat' dir='ltr'>sublatis</span> <span class='ocrx_word' id='word_1_122' title='bbox 1638 902 1720 946; x_wconf 90' lang='lat' dir='ltr'>illis</span> 
     </span>
     <span class='ocr_line' id='line_1_14' title="bbox 134 956 1721 1023; baseline 0.003 -25"><span class='ocrx_word' id='word_1_123' title='bbox 134 956 393 1010; x_wconf 88' lang='lat' dir='ltr'>hominibus,</span> <span class='ocrx_word' id='word_1_124' title='bbox 417 958 694 999; x_wconf 75' lang='lat' dir='ltr'>internecione</span> <span class='ocrx_word' id='word_1_125' title='bbox 712 959 834 1010; x_wconf 82' lang='lat' dir='ltr'>cives,</span> <span class='ocrx_word' id='word_1_126' title='bbox 865 959 1007 1001; x_wconf 87' lang='lat' dir='ltr'>urbem</span> <span class='ocrx_word' id='word_1_127' title='bbox 1037 959 1232 1010; x_wconf 84' lang='lat' dir='ltr'>flammis,</span> <span class='ocrx_word' id='word_1_128' title='bbox 1255 959 1470 1015; x_wconf 89' lang='lat' dir='ltr'>Rempub.</span> <span class='ocrx_word' id='word_1_129' title='bbox 1481 959 1721 1023; x_wconf 85' lang='lat' dir='ltr'>perditione</span> 
     </span>
     <span class='ocr_line' id='line_1_15' title="bbox 131 1014 1721 1072; baseline 0.003 -17"><span class='ocrx_word' id='word_1_130' title='bbox 131 1014 333 1057; x_wconf 88' lang='lat' dir='ltr'>liberavit.</span> <span class='ocrx_word' id='word_1_131' title='bbox 394 1015 554 1057; x_wconf 85' lang='lat' dir='ltr'>Mirum</span> <span class='ocrx_word' id='word_1_132' title='bbox 590 1027 726 1057; x_wconf 86' lang='lat' dir='ltr'>autem</span> <span class='ocrx_word' id='word_1_133' title='bbox 740 1016 837 1057; x_wconf 88' lang='lat' dir='ltr'>fuit</span> <span class='ocrx_word' id='word_1_134' title='bbox 866 1032 948 1072; x_wconf 88' lang='lat' dir='ltr'>quo</span> <span class='ocrx_word' id='word_1_135' title='bbox 981 1017 1124 1072; x_wconf 76' lang='lat' dir='ltr'>plausu</span> <span class='ocrx_word' id='word_1_136' title='bbox 1153 1018 1229 1059; x_wconf 88' lang='lat' dir='ltr'>sub</span> <span class='ocrx_word' id='word_1_137' title='bbox 1251 1031 1458 1072; x_wconf 82' lang='lat' dir='ltr'>vesperam</span> <span class='ocrx_word' id='word_1_138' title='bbox 1480 1015 1522 1058; x_wconf 92' lang='lat' dir='ltr'>in</span> <span class='ocrx_word' id='word_1_139' title='bbox 1544 1017 1721 1059; x_wconf 85' lang='lat' dir='ltr'>domum</span> 
     </span>
     <span class='ocr_line' id='line_1_16' title="bbox 133 1071 1719 1129; baseline 0.002 -16"><span class='ocrx_word' id='word_1_140' title='bbox 133 1071 282 1113; x_wconf 83' lang='lat' dir='ltr'>Cicero</span> <span class='ocrx_word' id='word_1_141' title='bbox 305 1073 492 1113; x_wconf 86' lang='lat' dir='ltr'>reductus</span> <span class='ocrx_word' id='word_1_142' title='bbox 514 1084 595 1114; x_wconf 87' lang='lat' dir='ltr'>est:</span> <span class='ocrx_word' id='word_1_143' title='bbox 620 1089 716 1114; x_wconf 85' lang='lat' dir='ltr'>nam</span> <span class='ocrx_word' id='word_1_144' title='bbox 738 1073 804 1115; x_wconf 85' lang='lat' dir='ltr'>alii</span> <span class='ocrx_word' id='word_1_145' title='bbox 826 1089 918 1115; x_wconf 85' lang='lat' dir='ltr'>eum</span> <span class='ocrx_word' id='word_1_146' title='bbox 944 1074 1083 1129; x_wconf 73' lang='lat' dir='ltr'>patri-ae</span> <span class='ocrx_word' id='word_1_147' title='bbox 1104 1074 1379 1124; x_wconf 80' lang='lat' dir='ltr'>liberatorem,</span> <span class='ocrx_word' id='word_1_148' title='bbox 1412 1072 1480 1114; x_wconf 85' lang='lat' dir='ltr'>alii</span> <span class='ocrx_word' id='word_1_149' title='bbox 1502 1089 1719 1116; x_wconf 87' lang='lat' dir='ltr'>conserva-</span> 
     </span>
     <span class='ocr_line' id='line_1_17' title="bbox 131 1129 1720 1188; baseline 0.001 -18"><span class='ocrx_word' id='word_1_150' title='bbox 131 1138 280 1181; x_wconf 82' lang='lat' dir='ltr'>torem,</span> <span class='ocrx_word' id='word_1_151' title='bbox 303 1129 370 1170; x_wconf 91' lang='lat' dir='ltr'>alii</span> <span class='ocrx_word' id='word_1_152' title='bbox 387 1130 641 1172; x_wconf 85' lang='lat' dir='ltr'>conditorem</span> <span class='ocrx_word' id='word_1_153' title='bbox 661 1131 877 1172; x_wconf 29' lang='lat' dir='ltr'>mocabant</span> <span class='ocrx_word' id='word_1_154' title='bbox 930 1133 1102 1172; x_wconf 79' lang='lat' dir='ltr'>Crassus</span> <span class='ocrx_word' id='word_1_155' title='bbox 1116 1131 1255 1187; x_wconf 84' lang='lat' dir='ltr'>palam</span> <span class='ocrx_word' id='word_1_156' title='bbox 1269 1129 1387 1181; x_wconf 79' lang='lat' dir='ltr'>dixit,</span> <span class='ocrx_word' id='word_1_157' title='bbox 1411 1144 1468 1182; x_wconf 89' lang='lat' dir='ltr'>se,</span> <span class='ocrx_word' id='word_1_158' title='bbox 1490 1132 1600 1188; x_wconf 78' lang='lat' dir='ltr'>quod</span> <span class='ocrx_word' id='word_1_159' title='bbox 1616 1141 1720 1173; x_wconf 85' lang='lat' dir='ltr'>esset</span> 
     </span>
     <span class='ocr_line' id='line_1_18' title="bbox 132 1186 1722 1252; baseline 0.001 -24"><span class='ocrx_word' id='word_1_160' title='bbox 132 1187 321 1239; x_wconf 86' lang='lat' dir='ltr'>Senator,</span> <span class='ocrx_word' id='word_1_161' title='bbox 343 1188 452 1243; x_wconf 73' lang='lat' dir='ltr'>quud</span> <span class='ocrx_word' id='word_1_162' title='bbox 475 1187 590 1239; x_wconf 80' lang='lat' dir='ltr'>civis,</span> <span class='ocrx_word' id='word_1_163' title='bbox 613 1189 724 1243; x_wconf 74' lang='lat' dir='ltr'>quod</span> <span class='ocrx_word' id='word_1_164' title='bbox 741 1187 859 1252; x_wconf 77' lang='lat' dir='ltr'>liber,</span> <span class='ocrx_word' id='word_1_165' title='bbox 883 1187 1074 1229; x_wconf 85' lang='lat' dir='ltr'>Ciceroni</span> <span class='ocrx_word' id='word_1_166' title='bbox 1098 1198 1312 1244; x_wconf 80' lang='lat' dir='ltr'>acceptum</span> <span class='ocrx_word' id='word_1_167' title='bbox 1339 1186 1482 1229; x_wconf 88' lang='lat' dir='ltr'>referre</span> <span class='ocrx_word' id='word_1_168' title='bbox 1527 1190 1564 1231; x_wconf 88' lang='lat' dir='ltr'>E</span> <span class='ocrx_word' id='word_1_169' title='bbox 1601 1188 1722 1244; x_wconf 82' lang='lat' dir='ltr'>Syria</span> 
     </span>
     <span class='ocr_line' id='line_1_19' title="bbox 131 1243 1719 1312; baseline 0.002 -28"><span class='ocrx_word' id='word_1_170' title='bbox 131 1243 331 1285; x_wconf 88' lang='lat' dir='ltr'>decedens</span> <span class='ocrx_word' id='word_1_171' title='bbox 354 1245 573 1300; x_wconf 84' lang='lat' dir='ltr'>Pompeius</span> <span class='ocrx_word' id='word_1_172' title='bbox 595 1245 881 1308; x_wconf 77' lang='lat' dir='ltr'>pronunciavit</span> <span class='ocrx_word' id='word_1_173' title='bbox 899 1261 940 1287; x_wconf 90' lang='lat' dir='ltr'>se</span> <span class='ocrx_word' id='word_1_174' title='bbox 961 1245 1174 1287; x_wconf 89' lang='lat' dir='ltr'>Ciceronis</span> <span class='ocrx_word' id='word_1_175' title='bbox 1193 1244 1392 1287; x_wconf 83' lang='lat' dir='ltr'>beneficio</span> <span class='ocrx_word' id='word_1_176' title='bbox 1410 1245 1582 1312; x_wconf 82' lang='lat' dir='ltr'>patriam</span> <span class='ocrx_word' id='word_1_177' title='bbox 1603 1261 1719 1287; x_wconf 78' lang='lat' dir='ltr'>visu-</span> 
     </span>
     <span class='ocr_line' id='line_1_20' title="bbox 131 1301 1718 1360; baseline 0.002 -18"><span class='ocrx_word' id='word_1_178' title='bbox 131 1315 224 1343; x_wconf 84' lang='lat' dir='ltr'>rum</span> <span class='ocrx_word' id='word_1_179' title='bbox 240 1316 340 1353; x_wconf 86' lang='lat' dir='ltr'>esse,</span> <span class='ocrx_word' id='word_1_180' title='bbox 360 1318 406 1343; x_wconf 85' lang='lat' dir='ltr'>ac</span> <span class='ocrx_word' id='word_1_181' title='bbox 425 1301 571 1344; x_wconf 75' lang='lat' dir='ltr'>frustra</span> <span class='ocrx_word' id='word_1_182' title='bbox 584 1317 625 1342; x_wconf 87' lang='lat' dir='ltr'>se</span> <span class='ocrx_word' id='word_1_183' title='bbox 644 1302 807 1343; x_wconf 86' lang='lat' dir='ltr'>tertium</span> <span class='ocrx_word' id='word_1_184' title='bbox 824 1301 1082 1359; x_wconf 89' lang='lat' dir='ltr'>triumphum</span> <span class='ocrx_word' id='word_1_185' title='bbox 1098 1304 1422 1359; x_wconf 82' lang='lat' dir='ltr'>deportaturum,</span> <span class='ocrx_word' id='word_1_186' title='bbox 1444 1318 1523 1344; x_wconf 86' lang='grc' dir='ltr'>ιιι5ι</span> <span class='ocrx_word' id='word_1_187' title='bbox 1539 1303 1626 1360; x_wconf 87' lang='lat' dir='ltr'>ejus</span> <span class='ocrx_word' id='word_1_188' title='bbox 1643 1302 1718 1345; x_wconf 89' lang='lat' dir='ltr'>be-</span> 
     </span>
     <span class='ocr_line' id='line_1_21' title="bbox 130 1358 1717 1415; baseline 0.002 -16"><span class='ocrx_word' id='word_1_189' title='bbox 130 1358 280 1400; x_wconf 84' lang='lat' dir='ltr'>neficio</span> <span class='ocrx_word' id='word_1_190' title='bbox 294 1359 499 1415; x_wconf 88' lang='lat' dir='ltr'>Rempub.</span> <span class='ocrx_word' id='word_1_191' title='bbox 524 1360 595 1400; x_wconf 89' lang='lat' dir='ltr'>ubi</span> <span class='ocrx_word' id='word_1_192' title='bbox 611 1359 896 1415; x_wconf 82' lang='lat' dir='ltr'>triumpharet,</span> <span class='ocrx_word' id='word_1_193' title='bbox 919 1371 1023 1403; x_wconf 86' lang='lat' dir='ltr'>esset</span> <span class='ocrx_word' id='word_1_194' title='bbox 1039 1360 1267 1403; x_wconf 86' lang='lat' dir='ltr'>habiturus.</span> <span class='ocrx_word' id='word_1_195' title='bbox 1306 1361 1363 1404; x_wconf 79' lang='lat' dir='ltr'>Q</span> <span class='ocrx_word' id='word_1_196' title='bbox 1379 1360 1567 1411; x_wconf 85' lang='lat' dir='ltr'>Catulus,</span> <span class='ocrx_word' id='word_1_197' title='bbox 1586 1362 1717 1402; x_wconf 88' lang='lat' dir='ltr'>Sena-</span> 
     </span>
     <span class='ocr_line' id='line_1_22' title="bbox 131 1415 1719 1482; baseline 0.003 -26"><span class='ocrx_word' id='word_1_198' title='bbox 131 1419 198 1457; x_wconf 68' lang='lat' dir='ltr'>tus</span> <span class='ocrx_word' id='word_1_199' title='bbox 214 1415 422 1472; x_wconf 86' lang='lat' dir='ltr'>Princeps,</span> <span class='ocrx_word' id='word_1_200' title='bbox 438 1416 585 1482; x_wconf 79' lang='lat' dir='ltr'>aliique</span> <span class='ocrx_word' id='word_1_201' title='bbox 600 1432 695 1458; x_wconf 90' lang='lat' dir='ltr'>cum</span> <span class='ocrx_word' id='word_1_202' title='bbox 712 1433 759 1457; x_wconf 89' lang='lat' dir='ltr'>eo</span> <span class='ocrx_word' id='word_1_203' title='bbox 773 1417 938 1472; x_wconf 87' lang='lat' dir='ltr'>plurimi</span> <span class='ocrx_word' id='word_1_204' title='bbox 954 1433 1046 1459; x_wconf 87' lang='lat' dir='ltr'>eum</span> <span class='ocrx_word' id='word_1_205' title='bbox 1061 1428 1270 1473; x_wconf 85' lang='lat' dir='ltr'>parentem</span> <span class='ocrx_word' id='word_1_206' title='bbox 1284 1417 1423 1473; x_wconf 86' lang='lat' dir='ltr'>patriae</span> <span class='ocrx_word' id='word_1_207' title='bbox 1435 1417 1719 1481; x_wconf 79' lang='lat' dir='ltr'>nominarunt.</span> 
     </span>
     <span class='ocr_line' id='line_1_23' title="bbox 187 1473 1719 1530; baseline 0.001 -15"><span class='ocrx_word' id='word_1_208' title='bbox 187 1474 292 1516; x_wconf 87' lang='lat' dir='ltr'>Non</span> <span class='ocrx_word' id='word_1_209' title='bbox 325 1474 486 1515; x_wconf 85' lang='lat' dir='ltr'>defuere</span> <span class='ocrx_word' id='word_1_210' title='bbox 518 1476 587 1530; x_wconf 87' lang='lat' dir='ltr'>qui</span> <span class='ocrx_word' id='word_1_211' title='bbox 620 1474 965 1530; x_wconf 87' lang='lat' dir='ltr'>gloriosissimum</span> <span class='ocrx_word' id='word_1_212' title='bbox 1002 1473 1217 1516; x_wconf 88' lang='lat' dir='ltr'>Ciceronis</span> <span class='ocrx_word' id='word_1_213' title='bbox 1251 1475 1411 1516; x_wconf 83' lang='lat' dir='ltr'>facinus</span> <span class='ocrx_word' id='word_1_214' title='bbox 1440 1474 1483 1515; x_wconf 89' lang='lat' dir='ltr'>iu</span> <span class='ocrx_word' id='word_1_215' title='bbox 1513 1474 1719 1517; x_wconf 86' lang='lat' dir='ltr'>invidiam</span> 
     </span>
     <span class='ocr_line' id='line_1_24' title="bbox 130 1530 1720 1595; baseline 0.001 -24"><span class='ocrx_word' id='word_1_216' title='bbox 130 1538 300 1583; x_wconf 82' lang='lat' dir='ltr'>traxere,</span> <span class='ocrx_word' id='word_1_217' title='bbox 323 1531 368 1573; x_wconf 89' lang='lat' dir='ltr'>in</span> <span class='ocrx_word' id='word_1_218' title='bbox 384 1530 527 1595; x_wconf 80' lang='lat' dir='ltr'>primis</span> <span class='ocrx_word' id='word_1_219' title='bbox 541 1532 737 1573; x_wconf 85' lang='lat' dir='ltr'>Metellus</span> <span class='ocrx_word' id='word_1_220' title='bbox 757 1541 797 1573; x_wconf 87' lang='lat' dir='ltr'>et</span> <span class='ocrx_word' id='word_1_221' title='bbox 813 1532 950 1574; x_wconf 87' lang='lat' dir='ltr'>Bestia</span> <span class='ocrx_word' id='word_1_222' title='bbox 965 1531 1062 1573; x_wconf 86' lang='lat' dir='ltr'>novi</span> <span class='ocrx_word' id='word_1_223' title='bbox 1078 1532 1256 1574; x_wconf 87' lang='lat' dir='ltr'>Tribuni</span> <span class='ocrx_word' id='word_1_224' title='bbox 1279 1531 1427 1587; x_wconf 88' lang='lat' dir='ltr'>plebis,</span> <span class='ocrx_word' id='word_1_225' title='bbox 1442 1531 1510 1572; x_wconf 91' lang='lat' dir='ltr'>sed</span> <span class='ocrx_word' id='word_1_226' title='bbox 1522 1532 1720 1574; x_wconf 88' lang='lat' dir='ltr'>Metellus</span> 
     </span>
     <span class='ocr_line' id='line_1_25' title="bbox 130 1588 1718 1645; baseline 0.002 -17"><span class='ocrx_word' id='word_1_227' title='bbox 130 1588 376 1644; x_wconf 81' lang='lat' dir='ltr'>praesertim,</span> <span class='ocrx_word' id='word_1_228' title='bbox 423 1604 492 1645; x_wconf 80' lang='lat' dir='ltr'>qui</span> <span class='ocrx_word' id='word_1_229' title='bbox 534 1589 663 1644; x_wconf 88' lang='lat' dir='ltr'>pridie</span> <span class='ocrx_word' id='word_1_230' title='bbox 698 1589 789 1630; x_wconf 89' lang='lat' dir='ltr'>Kal.</span> <span class='ocrx_word' id='word_1_231' title='bbox 830 1589 1015 1632; x_wconf 84' lang='lat' dir='ltr'>Januarii</span> <span class='ocrx_word' id='word_1_232' title='bbox 1052 1604 1147 1630; x_wconf 88' lang='lat' dir='ltr'>eum</span> <span class='ocrx_word' id='word_1_233' title='bbox 1202 1588 1422 1631; x_wconf 87' lang='lat' dir='ltr'>abeuntem</span> <span class='ocrx_word' id='word_1_234' title='bbox 1476 1589 1718 1645; x_wconf 85' lang='lat' dir='ltr'>magistratu</span> 
     </span>
     <span class='ocr_line' id='line_1_26' title="bbox 130 1645 1721 1712; baseline 0.001 -26"><span class='ocrx_word' id='word_1_235' title='bbox 130 1646 345 1687; x_wconf 80' lang='lat' dir='ltr'>concionis</span> <span class='ocrx_word' id='word_1_236' title='bbox 366 1646 568 1688; x_wconf 87' lang='lat' dir='ltr'>habendae</span> <span class='ocrx_word' id='word_1_237' title='bbox 589 1655 786 1701; x_wconf 84' lang='lat' dir='ltr'>potestate</span> <span class='ocrx_word' id='word_1_238' title='bbox 798 1645 989 1712; x_wconf 82' lang='lat' dir='ltr'>privavit.</span> <span class='ocrx_word' id='word_1_239' title='bbox 1054 1647 1114 1688; x_wconf 88' lang='lat' dir='ltr'>At</span> <span class='ocrx_word' id='word_1_240' title='bbox 1145 1646 1184 1688; x_wconf 89' lang='lat' dir='ltr'>id</span> <span class='ocrx_word' id='word_1_241' title='bbox 1214 1661 1301 1688; x_wconf 88' lang='lat' dir='ltr'>non</span> <span class='ocrx_word' id='word_1_242' title='bbox 1331 1646 1458 1687; x_wconf 80' lang='lat' dir='ltr'>modo</span> <span class='ocrx_word' id='word_1_243' title='bbox 1478 1660 1562 1686; x_wconf 91' lang='lat' dir='ltr'>non</span> <span class='ocrx_word' id='word_1_244' title='bbox 1584 1645 1721 1688; x_wconf 83' lang='lat' dir='ltr'>obfuit</span> 
     </span>
     <span class='ocr_line' id='line_1_27' title="bbox 129 1701 1719 1760; baseline 0.001 -16"><span class='ocrx_word' id='word_1_245' title='bbox 129 1702 340 1756; x_wconf 84' lang='lat' dir='ltr'>Ciceroni,</span> <span class='ocrx_word' id='word_1_246' title='bbox 364 1713 409 1745; x_wconf 90' lang='lat' dir='ltr'>ut</span> <span class='ocrx_word' id='word_1_247' title='bbox 428 1703 553 1745; x_wconf 89' lang='lat' dir='ltr'>etiam</span> <span class='ocrx_word' id='word_1_248' title='bbox 575 1718 752 1744; x_wconf 79' lang='lat' dir='ltr'>summae</span> <span class='ocrx_word' id='word_1_249' title='bbox 774 1705 859 1760; x_wconf 80' lang='lat' dir='ltr'>ejus</span> <span class='ocrx_word' id='word_1_250' title='bbox 875 1703 984 1745; x_wconf 89' lang='lat' dir='ltr'>laudi</span> <span class='ocrx_word' id='word_1_251' title='bbox 1001 1703 1177 1745; x_wconf 86' lang='lat' dir='ltr'>cesserit.</span> <span class='ocrx_word' id='word_1_252' title='bbox 1198 1705 1331 1754; x_wconf 86' lang='lat' dir='ltr'>Nam,</span> <span class='ocrx_word' id='word_1_253' title='bbox 1354 1717 1453 1743; x_wconf 89' lang='lat' dir='ltr'>cum</span> <span class='ocrx_word' id='word_1_254' title='bbox 1469 1701 1535 1743; x_wconf 91' lang='lat' dir='ltr'>ille</span> <span class='ocrx_word' id='word_1_255' title='bbox 1551 1704 1719 1745; x_wconf 87' lang='lat' dir='ltr'>tantum</span> 
     </span>
     <span class='ocr_line' id='line_1_28' title="bbox 128 1759 1719 1827; baseline 0.001 -27"><span class='ocrx_word' id='word_1_256' title='bbox 128 1775 224 1802; x_wconf 81' lang='lat' dir='ltr'>eum</span> <span class='ocrx_word' id='word_1_257' title='bbox 238 1761 377 1827; x_wconf 84' lang='lat' dir='ltr'>jurare</span> <span class='ocrx_word' id='word_1_258' title='bbox 397 1760 662 1825; x_wconf 79' lang='lat' dir='ltr'>permitteret,</span> <span class='ocrx_word' id='word_1_259' title='bbox 697 1761 1015 1824; x_wconf 86' lang='lat' dir='ltr'>Rempublicam</span> <span class='ocrx_word' id='word_1_260' title='bbox 1038 1771 1077 1803; x_wconf 88' lang='lat' dir='ltr'>et</span> <span class='ocrx_word' id='word_1_261' title='bbox 1094 1761 1237 1803; x_wconf 89' lang='lat' dir='ltr'>urbem</span> <span class='ocrx_word' id='word_1_262' title='bbox 1258 1763 1330 1802; x_wconf 86' lang='lat' dir='ltr'>sua</span> <span class='ocrx_word' id='word_1_263' title='bbox 1348 1759 1472 1802; x_wconf 90' lang='lat' dir='ltr'>unius</span> <span class='ocrx_word' id='word_1_264' title='bbox 1493 1763 1616 1815; x_wconf 88' lang='lat' dir='ltr'>opera</span> <span class='ocrx_word' id='word_1_265' title='bbox 1632 1775 1719 1801; x_wconf 86' lang='lat' dir='ltr'>esse</span> 
     </span>
     <span class='ocr_line' id='line_1_29' title="bbox 129 1817 1717 1883; baseline 0.001 -25"><span class='ocrx_word' id='word_1_266' title='bbox 129 1817 282 1859; x_wconf 82' lang='lat' dir='ltr'>salvam</span> <span class='ocrx_word' id='word_1_267' title='bbox 296 1818 462 1883; x_wconf 78' lang='lat' dir='ltr'>juravit.</span> <span class='ocrx_word' id='word_1_268' title='bbox 521 1817 638 1860; x_wconf 90' lang='lat' dir='ltr'>Huic</span> <span class='ocrx_word' id='word_1_269' title='bbox 658 1818 832 1874; x_wconf 88' lang='lat' dir='ltr'>populus</span> <span class='ocrx_word' id='word_1_270' title='bbox 852 1817 1035 1861; x_wconf 80' lang='lat' dir='ltr'>assensit.</span> <span class='ocrx_word' id='word_1_271' title='bbox 1095 1820 1378 1876; x_wconf 80' lang='lat' dir='ltr'>Nammagna</span> <span class='ocrx_word' id='word_1_272' title='bbox 1392 1832 1491 1859; x_wconf 89' lang='lat' dir='ltr'>voce</span> <span class='ocrx_word' id='word_1_273' title='bbox 1511 1832 1605 1859; x_wconf 89' lang='lat' dir='ltr'>eum</span> <span class='ocrx_word' id='word_1_274' title='bbox 1623 1818 1717 1860; x_wconf 65' lang='lat' dir='ltr'>vere</span> 
     </span>
    </p>
   </div>
   <div class='ocr_carea' id='block_1_3' title="bbox 121 1874 459 1933">
    <p class='ocr_par' dir='ltr' id='par_1_3' title="bbox 121 1874 459 1933">
     <span class='ocr_line' id='line_1_30' title="bbox 121 1874 459 1933; baseline 0.006 -18"><span class='ocrx_word' id='word_1_275' title='bbox 121 1874 279 1931; x_wconf 82' lang='lat' dir='ltr'>jurasse</span> <span class='ocrx_word' id='word_1_276' title='bbox 292 1876 411 1933; x_wconf 76' lang='lat' dir='ltr'>Jurav</span> <span class='ocrx_word' id='word_1_277' title='bbox 416 1874 459 1917; x_wconf 86' lang='lat' dir='ltr'>it.</span> 
     </span>
    </p>
   </div>
   <div class='ocr_carea' id='block_1_4' title="bbox 485 1965 1358 2014">
    <p class='ocr_par' dir='ltr' id='par_1_4' title="bbox 485 1965 1358 2014">
     <span class='ocr_line' id='line_1_31' title="bbox 485 1965 1358 2014; baseline 0.003 -7"><span class='ocrx_word' id='word_1_278' title='bbox 485 1965 701 2007; x_wconf 84' lang='lat' dir='ltr'>ANNUS</span> <span class='ocrx_word' id='word_1_279' title='bbox 732 1965 907 2008; x_wconf 77' lang='lat' dir='ltr'>URBIS</span> <span class='ocrx_word' id='word_1_280' title='bbox 940 1965 1228 2008; x_wconf 80' lang='lat' dir='ltr'><strong>CONDITAE</strong></span> <span class='ocrx_word' id='word_1_281' title='bbox 1263 1971 1358 2014; x_wconf 76' lang='lat'>691.</span> 
     </span>
    </p>
   </div>
   <div class='ocr_carea' id='block_1_5' title="bbox 312 2040 1534 2145">
    <p class='ocr_par' dir='ltr' id='par_1_5' title="bbox 312 2040 1534 2145">
     <span class='ocr_line' id='line_1_32' title="bbox 312 2040 1534 2086; baseline 0.001 -9"><span class='ocrx_word' id='word_1_282' title='bbox 312 2040 405 2078; x_wconf 82' lang='lat' dir='ltr'>Coss.</span> <span class='ocrx_word' id='word_1_283' title='bbox 424 2041 536 2077; x_wconf 76' lang='lat' dir='ltr'>Jtmz&#39;o</span> <span class='ocrx_word' id='word_1_284' title='bbox 555 2041 695 2084; x_wconf 71' lang='lat' dir='ltr'>Silano,</span> <span class='ocrx_word' id='word_1_285' title='bbox 726 2041 769 2078; x_wconf 88' lang='lat' dir='ltr'>L.</span> <span class='ocrx_word' id='word_1_286' title='bbox 791 2041 938 2078; x_wconf 71' lang='lat' dir='ltr'>Licinio</span> <span class='ocrx_word' id='word_1_287' title='bbox 956 2041 1139 2086; x_wconf 66' lang='lat' dir='ltr'>Mummi,</span> <span class='ocrx_word' id='word_1_288' title='bbox 1171 2050 1254 2078; x_wconf 72' lang='lat' dir='ltr'>ante</span> <span class='ocrx_word' id='word_1_289' title='bbox 1275 2043 1453 2080; x_wconf 75' lang='lat' dir='ltr'>Christum</span> <span class='ocrx_word' id='word_1_290' title='bbox 1475 2043 1534 2079; x_wconf 83' lang='lat'>61.</span> 
     </span>
     <span class='ocr_line' id='line_1_33' title="bbox 595 2096 1252 2145; baseline 0.002 -14"><span class='ocrx_word' id='word_1_291' title='bbox 595 2096 701 2131; x_wconf 62' lang='grc' dir='ltr'>(Ασει</span> <span class='ocrx_word' id='word_1_292' title='bbox 703 2108 760 2131; x_wconf 83' lang='grc' dir='ltr'>οη</span> <span class='ocrx_word' id='word_1_293' title='bbox 764 2108 781 2131; x_wconf 81' lang='lat' dir='ltr'>s</span> <span class='ocrx_word' id='word_1_294' title='bbox 795 2096 913 2144; x_wconf 57' lang='lat' dir='ltr'>‹incid›</span> <span class='ocrx_word' id='word_1_295' title='bbox 915 2108 956 2143; x_wconf 64' lang='lat' dir='ltr'>ag,</span> <span class='ocrx_word' id='word_1_296' title='bbox 950 2108 1087 2131; x_wconf 72' lang='lat' dir='ltr'>eszmus</span> <span class='ocrx_word' id='word_1_297' title='bbox 1100 2109 1141 2145; x_wconf 76' lang='lat' dir='ltr'>ql</span> <span class='ocrx_word' id='word_1_298' title='bbox 1136 2096 1252 2132; x_wconf 79' lang='lat' dir='ltr'>intus.</span> 
     </span>
    </p>
   </div>
   <div class='ocr_carea' id='block_1_6' title="bbox 126 2161 1744 2856">
    <p class='ocr_par' dir='ltr' id='par_1_6' title="bbox 126 2161 1744 2849">
     <span class='ocr_line' id='line_1_34' title="bbox 183 2161 1712 2219; baseline -0.001 -14"><span class='ocrx_word' id='word_1_299' title='bbox 183 2164 233 2205; x_wconf 89' lang='lat' dir='ltr'>L.</span> <span class='ocrx_word' id='word_1_300' title='bbox 255 2161 438 2204; x_wconf 81' lang='lat' dir='ltr'>Catilina</span> <span class='ocrx_word' id='word_1_301' title='bbox 466 2170 559 2217; x_wconf 89' lang='lat' dir='ltr'>post</span> <span class='ocrx_word' id='word_1_302' title='bbox 588 2161 790 2203; x_wconf 88' lang='lat' dir='ltr'>detectam</span> <span class='ocrx_word' id='word_1_303' title='bbox 820 2171 940 2217; x_wconf 80' lang='lat' dir='ltr'>atque</span> <span class='ocrx_word' id='word_1_304' title='bbox 964 2161 1152 2217; x_wconf 81' lang='lat' dir='ltr'>punitam</span> <span class='ocrx_word' id='word_1_305' title='bbox 1186 2161 1229 2203; x_wconf 91' lang='lat' dir='ltr'>in</span> <span class='ocrx_word' id='word_1_306' title='bbox 1248 2162 1349 2204; x_wconf 88' lang='lat' dir='ltr'>urbe</span> <span class='ocrx_word' id='word_1_307' title='bbox 1370 2161 1712 2219; x_wconf 71' lang='lat' dir='ltr'>conjurationem,</span> 
     </span>
     <span class='ocr_line' id='line_1_35' title="bbox 129 2218 1715 2283; baseline 0.001 -24"><span class='ocrx_word' id='word_1_308' title='bbox 129 2234 225 2261; x_wconf 84' lang='lat' dir='ltr'>cum</span> <span class='ocrx_word' id='word_1_309' title='bbox 246 2219 441 2270; x_wconf 83' lang='lat' dir='ltr'>exercitu,</span> <span class='ocrx_word' id='word_1_310' title='bbox 465 2234 587 2274; x_wconf 85' lang='lat' dir='ltr'>quem</span> <span class='ocrx_word' id='word_1_311' title='bbox 612 2218 828 2276; x_wconf 85' lang='lat' dir='ltr'>collegerat</span> <span class='ocrx_word' id='word_1_312' title='bbox 846 2219 894 2261; x_wconf 90' lang='lat' dir='ltr'>C.</span> <span class='ocrx_word' id='word_1_313' title='bbox 918 2219 1133 2261; x_wconf 87' lang='lat' dir='ltr'>Manlius</span> <span class='ocrx_word' id='word_1_314' title='bbox 1125 2235 1169 2260; x_wconf 80' lang='lat' dir='ltr'>tn</span> <span class='ocrx_word' id='word_1_315' title='bbox 1188 2219 1369 2271; x_wconf 87' lang='lat' dir='ltr'>Etruria,</span> <span class='ocrx_word' id='word_1_316' title='bbox 1404 2218 1618 2283; x_wconf 78' lang='lat' dir='ltr'>profugus,</span> <span class='ocrx_word' id='word_1_317' title='bbox 1640 2219 1715 2261; x_wconf 75' lang='lat' dir='ltr'>de-</span> 
     </span>
     <span class='ocr_line' id='line_1_36' title="bbox 128 2275 1716 2340; baseline 0.001 -23"><span class='ocrx_word' id='word_1_318' title='bbox 128 2276 398 2318; x_wconf 86' lang='lat' dir='ltr'>sciscentibus</span> <span class='ocrx_word' id='word_1_319' title='bbox 420 2276 578 2327; x_wconf 86' lang='lat' dir='ltr'>multis,</span> <span class='ocrx_word' id='word_1_320' title='bbox 602 2276 700 2318; x_wconf 75' lang='lat' dir='ltr'>&lt;lum</span> <span class='ocrx_word' id='word_1_321' title='bbox 719 2292 789 2332; x_wconf 89' lang='lat' dir='ltr'>per</span> <span class='ocrx_word' id='word_1_322' title='bbox 807 2275 987 2318; x_wconf 89' lang='lat' dir='ltr'>tramites</span> <span class='ocrx_word' id='word_1_323' title='bbox 1010 2286 1129 2333; x_wconf 88' lang='lat' dir='ltr'>atque</span> <span class='ocrx_word' id='word_1_324' title='bbox 1145 2276 1255 2318; x_wconf 88' lang='lat' dir='ltr'>invia</span> <span class='ocrx_word' id='word_1_325' title='bbox 1271 2286 1442 2319; x_wconf 85' lang='lat' dir='ltr'>conatur</span> <span class='ocrx_word' id='word_1_326' title='bbox 1455 2292 1496 2318; x_wconf 89' lang='lat' dir='ltr'>se</span> <span class='ocrx_word' id='word_1_327' title='bbox 1509 2291 1716 2340; x_wconf 78' lang='lat' dir='ltr'>proripere</span> 
     </span>
     <span class='ocr_line' id='line_1_37' title="bbox 128 2332 1714 2397; baseline 0.003 -25"><span class='ocrx_word' id='word_1_328' title='bbox 128 2332 170 2374; x_wconf 88' lang='lat' dir='ltr'>in</span> <span class='ocrx_word' id='word_1_329' title='bbox 195 2333 376 2376; x_wconf 89' lang='lat' dir='ltr'>Galliam</span> <span class='ocrx_word' id='word_1_330' title='bbox 407 2332 739 2397; x_wconf 86' lang='lat' dir='ltr'>Transalpinam,</span> <span class='ocrx_word' id='word_1_331' title='bbox 773 2349 816 2374; x_wconf 82' lang='lat' dir='ltr'>m</span> <span class='ocrx_word' id='word_1_332' title='bbox 847 2349 943 2390; x_wconf 81' lang='lat' dir='ltr'>agro</span> <span class='ocrx_word' id='word_1_333' title='bbox 968 2333 1239 2376; x_wconf 85' lang='lat' dir='ltr'>Pistoriensi</span> <span class='ocrx_word' id='word_1_334' title='bbox 1225 2351 1250 2376; x_wconf 83' lang='lat' dir='ltr'>a</span> <span class='ocrx_word' id='word_1_335' title='bbox 1278 2335 1330 2376; x_wconf 84' lang='lat' dir='ltr'>C.</span> <span class='ocrx_word' id='word_1_336' title='bbox 1357 2333 1564 2386; x_wconf 84' lang='lat' dir='ltr'>AntoniO,</span> <span class='ocrx_word' id='word_1_337' title='bbox 1596 2344 1635 2375; x_wconf 89' lang='lat' dir='ltr'>et</span> <span class='ocrx_word' id='word_1_338' title='bbox 1656 2334 1714 2376; x_wconf 80' lang='lat' dir='ltr'><strong>Q</strong></span> 
     </span>
     <span class='ocr_line' id='line_1_38' title="bbox 126 2389 1712 2454; baseline -0.001 -22"><span class='ocrx_word' id='word_1_339' title='bbox 126 2391 302 2433; x_wconf 87' lang='lat' dir='ltr'>Metello</span> <span class='ocrx_word' id='word_1_340' title='bbox 318 2390 460 2433; x_wconf 86' lang='lat' dir='ltr'>Celere</span> <span class='ocrx_word' id='word_1_341' title='bbox 474 2391 622 2432; x_wconf 87' lang='lat' dir='ltr'>clausis</span> <span class='ocrx_word' id='word_1_342' title='bbox 636 2389 851 2432; x_wconf 88' lang='lat' dir='ltr'>itineribus</span> <span class='ocrx_word' id='word_1_343' title='bbox 865 2392 1070 2444; x_wconf 79' lang='lat' dir='ltr'>obsessus,</span> <span class='ocrx_word' id='word_1_344' title='bbox 1090 2391 1137 2434; x_wconf 90' lang='lat' dir='ltr'>C.</span> <span class='ocrx_word' id='word_1_345' title='bbox 1152 2391 1330 2434; x_wconf 88' lang='lat' dir='ltr'>Antonii</span> <span class='ocrx_word' id='word_1_346' title='bbox 1347 2394 1510 2434; x_wconf 90' lang='lat' dir='ltr'>Procos.</span> <span class='ocrx_word' id='word_1_347' title='bbox 1532 2389 1712 2454; x_wconf 87' lang='lat' dir='ltr'>auspici-</span> 
     </span>
     <span class='ocr_line' id='line_1_39' title="bbox 127 2448 1713 2512; baseline 0.001 -24"><span class='ocrx_word' id='word_1_348' title='bbox 127 2448 163 2489; x_wconf 89' lang='lat' dir='ltr'>is</span> <span class='ocrx_word' id='word_1_349' title='bbox 184 2464 208 2489; x_wconf 84' lang='lat' dir='ltr'>a</span> <span class='ocrx_word' id='word_1_350' title='bbox 224 2449 289 2490; x_wconf 88' lang='lat' dir='ltr'>M.</span> <span class='ocrx_word' id='word_1_351' title='bbox 316 2448 472 2490; x_wconf 88' lang='lat' dir='ltr'>Petreio</span> <span class='ocrx_word' id='word_1_352' title='bbox 488 2449 575 2512; x_wconf 87' lang='lat' dir='ltr'>ejus</span> <span class='ocrx_word' id='word_1_353' title='bbox 597 2450 728 2504; x_wconf 83' lang='lat' dir='ltr'>legato</span> <span class='ocrx_word' id='word_1_354' title='bbox 751 2464 834 2489; x_wconf 90' lang='lat' dir='ltr'>uno</span> <span class='ocrx_word' id='word_1_355' title='bbox 848 2449 1051 2490; x_wconf 87' lang='lat' dir='ltr'>conflictu</span> <span class='ocrx_word' id='word_1_356' title='bbox 1075 2451 1222 2500; x_wconf 85' lang='lat' dir='ltr'>victus,</span> <span class='ocrx_word' id='word_1_357' title='bbox 1244 2449 1331 2505; x_wconf 85' lang='lat' dir='ltr'>ipse</span> <span class='ocrx_word' id='word_1_358' title='bbox 1351 2464 1445 2490; x_wconf 89' lang='lat' dir='ltr'>cum</span> <span class='ocrx_word' id='word_1_359' title='bbox 1469 2448 1550 2490; x_wconf 89' lang='lat' dir='ltr'>suis</span> <span class='ocrx_word' id='word_1_360' title='bbox 1571 2463 1713 2490; x_wconf 79' lang='lat' dir='ltr'>omni-</span> 
     </span>
     <span class='ocr_line' id='line_1_40' title="bbox 129 2504 1713 2571; baseline -0.001 -24"><span class='ocrx_word' id='word_1_361' title='bbox 129 2504 204 2547; x_wconf 89' lang='lat' dir='ltr'>bus</span> <span class='ocrx_word' id='word_1_362' title='bbox 227 2504 450 2546; x_wconf 80' lang='lat' dir='ltr'>fortissime</span> <span class='ocrx_word' id='word_1_363' title='bbox 468 2505 673 2548; x_wconf 88' lang='lat' dir='ltr'>dimicans</span> <span class='ocrx_word' id='word_1_364' title='bbox 694 2505 852 2548; x_wconf 82' lang='lat' dir='ltr'>cecidit</span> <span class='ocrx_word' id='word_1_365' title='bbox 913 2506 1125 2571; x_wconf 79' lang='lat' dir='ltr'>MetelluS,</span> <span class='ocrx_word' id='word_1_366' title='bbox 1156 2508 1193 2549; x_wconf 90' lang='lat' dir='ltr'>&#39;I</span> <span class='ocrx_word' id='word_1_367' title='bbox 1197 2506 1369 2548; x_wconf 88' lang='lat' dir='ltr'>ribunus</span> <span class='ocrx_word' id='word_1_368' title='bbox 1389 2506 1536 2562; x_wconf 80' lang='lat' dir='ltr'>plebis,</span> <span class='ocrx_word' id='word_1_369' title='bbox 1566 2506 1616 2547; x_wconf 88' lang='lat' dir='ltr'>ad</span> <span class='ocrx_word' id='word_1_370' title='bbox 1637 2520 1713 2561; x_wconf 91' lang='lat' dir='ltr'>po-</span> 
     </span>
     <span class='ocr_line' id='line_1_41' title="bbox 127 2561 1714 2627; baseline 0.001 -24"><span class='ocrx_word' id='word_1_371' title='bbox 127 2562 274 2616; x_wconf 89' lang='lat' dir='ltr'>pulum</span> <span class='ocrx_word' id='word_1_372' title='bbox 295 2562 412 2624; x_wconf 80' lang='lat' dir='ltr'>egit,</span> <span class='ocrx_word' id='word_1_373' title='bbox 425 2562 543 2604; x_wconf 89' lang='lat' dir='ltr'>tertio</span> <span class='ocrx_word' id='word_1_374' title='bbox 563 2578 728 2619; x_wconf 91' lang='lat' dir='ltr'>quoque</span> <span class='ocrx_word' id='word_1_375' title='bbox 748 2578 834 2604; x_wconf 80' lang='lat' dir='ltr'>suae</span> <span class='ocrx_word' id='word_1_376' title='bbox 855 2562 1052 2605; x_wconf 86' lang='lat' dir='ltr'>orationis</span> <span class='ocrx_word' id='word_1_377' title='bbox 1073 2563 1194 2605; x_wconf 88' lang='lat' dir='ltr'>verbo</span> <span class='ocrx_word' id='word_1_378' title='bbox 1223 2563 1468 2605; x_wconf 86' lang='lat' dir='ltr'>Ciceronem</span> <span class='ocrx_word' id='word_1_379' title='bbox 1489 2561 1714 2627; x_wconf 83' lang='lat' dir='ltr'>appellans,</span> 
     </span>
     <span class='ocr_line' id='line_1_42' title="bbox 126 2618 1714 2685; baseline 0.001 -26"><span class='ocrx_word' id='word_1_380' title='bbox 126 2629 168 2661; x_wconf 87' lang='lat' dir='ltr'>et</span> <span class='ocrx_word' id='word_1_381' title='bbox 188 2634 360 2677; x_wconf 87' lang='lat' dir='ltr'>arguens</span> <span class='ocrx_word' id='word_1_382' title='bbox 380 2618 417 2660; x_wconf 89' lang='lat' dir='ltr'>ei</span> <span class='ocrx_word' id='word_1_383' title='bbox 437 2635 522 2661; x_wconf 91' lang='lat' dir='ltr'>non</span> <span class='ocrx_word' id='word_1_384' title='bbox 544 2620 705 2662; x_wconf 84' lang='lat' dir='ltr'>licuisse</span> <span class='ocrx_word' id='word_1_385' title='bbox 725 2621 969 2671; x_wconf 88' lang='lat' dir='ltr'>Lentulum,</span> <span class='ocrx_word' id='word_1_386' title='bbox 993 2621 1244 2685; x_wconf 81' lang='lat' dir='ltr'>Cethegum,</span> <span class='ocrx_word' id='word_1_387' title='bbox 1262 2631 1302 2663; x_wconf 87' lang='lat' dir='ltr'>et</span> <span class='ocrx_word' id='word_1_388' title='bbox 1321 2620 1496 2677; x_wconf 89' lang='lat' dir='ltr'>reliquos</span> <span class='ocrx_word' id='word_1_389' title='bbox 1517 2635 1625 2662; x_wconf 75' lang='lat' dir='ltr'>cives</span> <span class='ocrx_word' id='word_1_390' title='bbox 1645 2634 1714 2661; x_wconf 76' lang='lat' dir='ltr'>in-</span> 
     </span>
     <span class='ocr_line' id='line_1_43' title="bbox 128 2675 1715 2730; baseline 0 -12"><span class='ocrx_word' id='word_1_391' title='bbox 128 2675 240 2719; x_wconf 64' lang='lat' dir='ltr'>dicta</span> <span class='ocrx_word' id='word_1_392' title='bbox 259 2680 384 2718; x_wconf 85' lang='lat' dir='ltr'>causa</span> <span class='ocrx_word' id='word_1_393' title='bbox 404 2681 580 2719; x_wconf 83' lang='lat' dir='ltr'>necasse</span> <span class='ocrx_word' id='word_1_394' title='bbox 642 2677 789 2719; x_wconf 89' lang='lat' dir='ltr'>Cicero</span> <span class='ocrx_word' id='word_1_395' title='bbox 822 2677 916 2719; x_wconf 87' lang='lat' dir='ltr'>forti</span> <span class='ocrx_word' id='word_1_396' title='bbox 937 2678 1076 2720; x_wconf 87' lang='lat' dir='ltr'>animo</span> <span class='ocrx_word' id='word_1_397' title='bbox 1097 2678 1131 2719; x_wconf 89' lang='lat' dir='ltr'>ei</span> <span class='ocrx_word' id='word_1_398' title='bbox 1155 2677 1316 2730; x_wconf 86' lang='lat' dir='ltr'>restitit,</span> <span class='ocrx_word' id='word_1_399' title='bbox 1348 2689 1386 2719; x_wconf 91' lang='lat' dir='ltr'>et</span> <span class='ocrx_word' id='word_1_400' title='bbox 1407 2686 1550 2719; x_wconf 85' lang='lat' dir='ltr'>contra</span> <span class='ocrx_word' id='word_1_401' title='bbox 1569 2675 1715 2718; x_wconf 88' lang='lat' dir='ltr'>conci-</span> 
     </span>
     <span class='ocr_line' id='line_1_44' title="bbox 126 2733 1716 2799; baseline 0 -25"><span class='ocrx_word' id='word_1_402' title='bbox 126 2748 251 2775; x_wconf 88' lang='lat' dir='ltr'>onem</span> <span class='ocrx_word' id='word_1_403' title='bbox 282 2733 444 2776; x_wconf 86' lang='lat' dir='ltr'>Metelli</span> <span class='ocrx_word' id='word_1_404' title='bbox 478 2736 653 2791; x_wconf 86' lang='lat' dir='ltr'>scripsit,</span> <span class='ocrx_word' id='word_1_405' title='bbox 683 2749 801 2778; x_wconf 88' lang='lat' dir='ltr'>cum</span> <span class='ocrx_word' id='word_1_406' title='bbox 818 2735 884 2776; x_wconf 91' lang='lat' dir='ltr'>ille</span> <span class='ocrx_word' id='word_1_407' title='bbox 918 2735 1028 2791; x_wconf 89' lang='lat' dir='ltr'>prior</span> <span class='ocrx_word' id='word_1_408' title='bbox 1058 2735 1298 2799; x_wconf 85' lang='lat' dir='ltr'>scripsisset.</span> <span class='ocrx_word' id='word_1_409' title='bbox 1374 2734 1575 2777; x_wconf 87' lang='lat' dir='ltr'>Defendit</span> <span class='ocrx_word' id='word_1_410' title='bbox 1607 2733 1716 2775; x_wconf 90' lang='lat' dir='ltr'>circa</span> 
     </span>
     <span class='ocr_line' id='line_1_45' title="bbox 126 2788 1744 2856; baseline -0.001 -25"><span class='ocrx_word' id='word_1_411' title='bbox 126 2790 236 2832; x_wconf 86' lang='lat' dir='ltr'>idern</span> <span class='ocrx_word' id='word_1_412' title='bbox 259 2801 423 2855; x_wconf 84' lang='lat' dir='ltr'>ternpus</span> <span class='ocrx_word' id='word_1_413' title='bbox 457 2792 498 2834; x_wconf 92' lang='lat' dir='ltr'>P.</span> <span class='ocrx_word' id='word_1_414' title='bbox 534 2792 776 2834; x_wconf 82' lang='lat' dir='ltr'>Cornelium</span> <span class='ocrx_word' id='word_1_415' title='bbox 810 2791 983 2855; x_wconf 79' lang='lat' dir='ltr'>Sullam,</span> <span class='ocrx_word' id='word_1_416' title='bbox 1015 2808 1086 2849; x_wconf 77' lang='lat' dir='ltr'>qut</span> <span class='ocrx_word' id='word_1_417' title='bbox 1117 2809 1142 2834; x_wconf 86' lang='lat' dir='ltr'>a</span> <span class='ocrx_word' id='word_1_418' title='bbox 1170 2794 1218 2834; x_wconf 90' lang='lat' dir='ltr'>L.</span> <span class='ocrx_word' id='word_1_419' title='bbox 1239 2794 1450 2856; x_wconf 89' lang='lat' dir='ltr'>Torquato</span> <span class='ocrx_word' id='word_1_420' title='bbox 1479 2792 1528 2834; x_wconf 91' lang='lat' dir='ltr'>de</span> <span class='ocrx_word' id='word_1_421' title='bbox 1559 2788 1744 2845; x_wconf 65' lang='lat' dir='ltr'>duplici,</span> 
     </span>
    </p>
   </div>
   <div class='ocr_carea' id='block_1_7' title="bbox 125 2846 1716 2948">
    <p class='ocr_par' dir='ltr' id='par_1_7' title="bbox 125 2846 1716 2948">
     <span class='ocr_line' id='line_1_46' title="bbox 125 2846 1716 2948; baseline -0.003 -57"><span class='ocrx_word' id='word_1_422' title='bbox 125 2847 409 2904; x_wconf 66' lang='lat' dir='ltr'>conjuratione</span> <span class='ocrx_word' id='word_1_423' title='bbox 430 2850 710 2893; x_wconf 80' lang='lat' dir='ltr'>accusabatur</span> <span class='ocrx_word' id='word_1_424' title='bbox 771 2850 838 2893; x_wconf 88' lang='lat' dir='ltr'>De</span> <span class='ocrx_word' id='word_1_425' title='bbox 859 2849 990 2906; x_wconf 88' lang='lat' dir='ltr'>priore</span> <span class='ocrx_word' id='word_1_426' title='bbox 1009 2850 1112 2896; x_wconf 86' lang='lat' dir='ltr'>dixit</span> <span class='ocrx_word' id='word_1_427' title='bbox 1131 2848 1400 2905; x_wconf 84' lang='lat' dir='ltr'>Hortensius,</span> <span class='ocrx_word' id='word_1_428' title='bbox 1431 2850 1479 2893; x_wconf 89' lang='lat' dir='ltr'>de</span> <span class='ocrx_word' id='word_1_429' title='bbox 1496 2846 1716 2948; x_wconf 43' lang='lat' dir='ltr'>pozoeriore</span> 
     </span>
     <span class='ocr_line' id='line_1_47' title="bbox 1589 2918 1696 2947; baseline 0.019 -2"><span class='ocrx_word' id='word_1_430' title='bbox 1589 2918 1696 2947; x_wconf 79' lang='lat' dir='ltr'>icero</span> 
     </span>
    </p>
   </div>
   <div class='ocr_carea' id='block_1_8' title="bbox 1243 3026 1263 3050">
    <p class='ocr_par' dir='ltr' id='par_1_8' title="bbox 1243 3026 1263 3050">
     <span class='ocr_line' id='line_1_48' title="bbox 1243 3026 1263 3050; baseline 0 0"><span class='ocrx_word' id='word_1_431' title='bbox 1243 3026 1263 3050; x_wconf 66' lang='lat' dir='ltr'>ld</span> 
     </span>
    </p>
   </div>
   <div class='ocr_carea' id='block_1_9' title="bbox 1868 1048 1872 2104">
    <p class='ocr_par' dir='ltr' id='par_1_9' title="bbox 1868 1048 1872 2104">
     <span class='ocr_line' id='line_1_49' title="bbox 1868 1048 1872 2104; baseline 0 0"><span class='ocrx_word' id='word_1_432' title='bbox 1868 1048 1872 2104; x_wconf 95' lang='lat' dir='ltr'> </span> 
     </span>
    </p>
   </div>
  </div>
 </body>
</html>
