1872 3135
66 132 148 168 :234
577 129 648 175 M.
681 129 889 172 TULLII
921 128 1251 175 CICERONIS

137 239 309 284 minabo
327 257 340 296 ;
373 244 539 286 tantum
562 241 605 284 in
627 240 765 284 medio
786 240 1031 299 relinquam.
1073 241 1136 298 ‚Si
1158 259 1253 302 quae
1273 259 1360 288 non
1378 253 1508 304 nupta
1528 245 1679 291 mulier

133 298 309 342 domum
344 315 460 342 suam
502 298 738 356 patefecerit
774 300 969 343 omnium
996 300 1228 357 cupiditati,
1261 302 1484 361 palamque
1515 319 1601 346 sese
1631 304 1677 348 in

136 355 369 400 meretricia
399 357 483 399 vita
512 355 745 408 collocarit,
777 355 960 400 virorum
999 358 1350 402 alienissimorum
1382 360 1582 404 conviviis
1613 362 1677 405 uti

63 419 116 454 35
140 413 386 457 instituerit:
421 414 453 456 si
486 415 566 462 hoc
600 413 642 457 in
675 413 791 466 urbe,
813 414 847 456 si
883 414 928 458 in
950 415 1096 470 hortis,
1118 415 1218 460 siin
1246 418 1444 461 Baiarum
1465 419 1536 462 illa
1567 419 1673 462 cele-

138 471 285 513 britate
314 471 456 513 faciet:
491 470 524 512 si
555 471 733 528 denique
753 472 810 514 ita
839 488 925 515 sese
954 483 1082 530 geret,
1114 489 1201 516 non
1232 475 1395 518 incessu
1425 476 1582 530 solum,
1606 477 1676 520 sed

135 539 285 571 ornatu
315 538 437 586 atque
467 528 669 572 comitatu
686 546 699 582 3
746 545 831 572 non
864 530 1079 588 flagrantia
1108 531 1344 584 oculorum,
1375 548 1465 576 non
1492 534 1677 580 libertate

136 587 353 638 sermonis,
387 585 455 628 sed
487 586 612 634 etiam
653 588 890 644 complexu,
923 589 1198 642 osculatione,
1231 589 1365 646 aquis,
1396 591 1678 655 navigatione,

135 643 350 695 conviviis,
383 652 430 686 ut
473 659 560 687 non
604 644 745 687 solum
778 646 986 698 meretrix,
1019 647 1086 689 sed
1119 647 1243 690 etiam
1276 662 1431 704 procax
1462 649 1674 694 videatur:

62 709 232 743 40cum
252 703 330 744 hac
352 701 385 743 si
407 701 499 759 quis
534 702 771 746 adolescens
809 703 914 746 forte
950 704 1087 757 fuerit,
1120 707 1264 748 utrilm
1297 704 1365 747 hic
1389 702 1557 758 tibi,[L.
1581 708 1674 750 He-

133 758 268 810 renni,
300 759 472 812 adulter,
506 775 558 802 an
589 771 776 803 amator:
823 778 1057 819 expugnare
1102 762 1364 820 pudicitiam,
1413 778 1467 805 an
1512 764 1676 819 explere

130 816 349 865 libidinem
378 817 556 861 voluisse
587 818 801 861 videatur?
855 819 1092 863 Obliviscor
1132 824 1218 877 jam
1265 820 1452 877 injurias,
1496 820 1691 868 Clodiaxy

133 874 297 931 depono
316 876 564 919 memoriam
592 877 745 918 doloris
776 877 884 919 mei:
919 893 1015 936 quae
1043 878 1116 920 abs
1152 889 1190 920 te
1221 877 1436 921 crudeliter
1465 877 1511 922 in
1541 894 1674 932 meos,

130 947 200 974 me
230 933 414 986 absente,
447 934 556 976 facta
586 945 697 987 sunt,
730 935 925 993 neglig03
972 950 1026 980 ne
1057 936 1140 977 sint
1170 938 1263 978 haec
1295 936 1341 979 in
1372 931 1410 979 te
1441 935 1551 978 dicta
1580 951 1677 995 quae

61 998 113 1033 *45
134 989 217 1032 dixi
233 1007 246 1042 ;
279 991 347 1033 sed
378 1008 429 1034 ex
461 1002 499 1034 te
517 993 609 1048 ipsa
629 992 822 1048 requir03
855 993 1052 1052 quoniam
1076 1005 1116 1035 et
1132 993 1294 1037 crimen
1314 1004 1570 1037 accusatores
1601 995 1676 1038 abs

132 1058 188 1098 te,
209 1057 249 1090 et
269 1060 413 1092 testem
434 1051 521 1106 ejus
544 1050 732 1093 criminis
752 1060 792 1092 te
812 1051 946 1107 ipsam
966 1051 1113 1093 dicunt
1143 1067 1184 1092 se
1206 1051 1355 1094 habere
1371 1068 1385 1105 3
1418 1051 1451 1093 si
1473 1067 1555 1109 qua
1576 1068 1676 1095 mu·-

133 1105 207 1153 lier
227 1106 279 1148 sit
297 1108 554 1165 hujusmodi,
580 1108 743 1165 qualem
767 1123 843 1166 ego
864 1108 988 1165 paulo
1009 1110 1106 1151 ante
1125 1107 1338 1166 descripsi,
1363 1109 1422 1152 tui
1440 1108 1673 1163 dissimilis,

133 1163 220 1206 vita
254 1164 524 1221 institutoque
545 1165 795 1219 meretricio,
832 1183 930 1210 cum
965 1168 1043 1209 hac
1079 1165 1234 1224 aliquid
1255 1167 1560 1210 adolescentem
1592 1168 1674 1210 ho-

133 1221 294 1264 minem
331 1223 524 1265 habuisse
548 1222 733 1275 rationis,
770 1240 873 1268 num
906 1224 982 1266 tibi
1013 1234 1217 1282 perturpe,
1247 1234 1318 1266 aut
1348 1223 1675 1282 perflagitiosum

62 1288 117 1321 50
133 1294 219 1321 esse
256 1281 470 1327 videatur?
504 1284 565 1322 Ea
586 1281 618 1322 si
651 1292 695 1323 tu
726 1297 813 1323 non
844 1297 902 1333 es,
936 1282 1044 1324 sicut
1073 1298 1149 1340 ego
1180 1282 1308 1335 malo,
1340 1281 1438 1339 quid
1469 1292 1531 1324 est
1561 1283 1674 1341 quod

130 1336 335 1395 objiciant
367 1338 544 1381 Coelio?
591 1338 653 1380 sin
677 1354 770 1380 eam
793 1349 832 1381 te
861 1339 1005 1382 volunt
1035 1355 1137 1392 esse,
1171 1340 1270 1396 quid
1301 1349 1378 1392 est,
1411 1355 1483 1382 cur
1503 1356 1580 1382 nos
1595 1340 1676 1383 cri-

132 1411 230 1438 men
251 1397 348 1447 hoc,
368 1396 398 1438 si
422 1406 465 1438 tu
487 1396 738 1449 contemnis,
762 1397 1132 1453 pertimescamus?
1169 1399 1324 1448 Quare,
1355 1396 1477 1450 nobis
1494 1397 1546 1440 da
1561 1395 1686 1442 viam,

132 1453 417 1511 rationemque
450 1453 729 1507 defensionis5
762 1471 863 1498 nam
897 1464 967 1497 aut
1002 1456 1134 1511 pudor
1165 1465 1259 1497 tuus
1295 1454 1500 1506 defendet,
1521 1453 1628 1496 nihil
1646 1459 1688 1499 ἐι.

128 1512 196 1553 M.
221 1512 362 1554 Coelio
383 1511 637 1568 petulantius
677 1528 763 1554 esse
784 1512 969 1564 factum3
1005 1523 1074 1555 aut
1108 1511 1366 1567 impudentia
1402 1521 1443 1555 et
1477 1511 1594 1566 huie,
1631 1522 1686 1558 et,

61 1576 113 1609 55
135 1569 292 1611 caeteris
313 1585 511 1627 magnam
534 1570 583 1611 ad
605 1585 646 1611 se
666 1569 971 1612 defendendum
996 1570 1234 1612 facultatem
1255 1570 1384 1613 dabit.
1684 1567 1686 1569 i

189 1628 269 1669 IX.
311 1628 392 1670 Sed
435 1626 635 1684 quoniam
680 1627 894 1670 emersisse
928 1629 1020 1685 jam
1050 1631 1076 1671 ὲ
1105 1628 1233 1679 vadis,
1266 1638 1306 1670 et
1337 1626 1530 1685 scopulos
1559 1642 1670 1684 prae-

129 1694 308 1728 tervecta
349 1685 510 1728 videtur
561 1684 693 1727 oratio
737 1701 845 1738 mea,
893 1684 1098 1741 perfacilis
1146 1684 1255 1728 mihi
1304 1685 1483 1743 reliquus
1527 1701 1674 1730 cursus

129 1742 375 1786 ostenditur.
452 1744 554 1785 Duo
599 1753 696 1785 sunt
732 1743 846 1786 enim
877 1742 1055 1785 crimina
1084 1746 1171 1785 una
1200 1743 1244 1784 in
1273 1743 1445 1786 muliere
1475 1758 1688 1799 summo-2.

132 1815 227 1842 rum
256 1801 513 1844 facinorum:
566 1801 670 1853 auri,
717 1802 827 1858 quod
873 1810 1089 1858 sumptum
1133 1803 1161 1843 ὲ,
1204 1799 1355 1844 Clodia
1399 1798 1581 1849 dicitur:
1630 1811 1672 1845 et

91 1864 114 1899 5
134 1859 298 1911 veneni,
328 1858 439 1915 quod
481 1858 667 1915 ejusdem
699 1859 861 1902 Clodiae
893 1858 1093 1900 necandae
1122 1861 1250 1901 causa
1279 1859 1446 1915 parasse
1477 1857 1671 1915 Coelium

110 1915 418 1958 criminantur.
480 1918 650 1959 Aurum
680 1916 873 1972 sumpsit,
906 1925 952 1958 ut
981 1915 1133 1968 dicitis,
1167 1917 1278 1974 quod
1309 1918 1363 1958 L.
1395 1915 1569 1960 Lueceii
1590 1930 1674 1960 ser-

128 1972 192 2015 vis
224 1973 352 2026 daret,
374 1989 445 2031 per
464 1989 568 2032 qnos
599 1974 908 2017 Alexandrinus
940 1973 1044 2026 Dio,
1077 1974 1150 2032 qui
1189 1984 1279 2016 tum
1309 1974 1418 2030 apud
1437 1971 1685 2019 Lucceium.

127 2030 358 2083 habitabat,
380 2034 607 2074 necaretur.
667 2034 879 2091 Magnum
901 2031 1062 2074 crimen
1082 2032 1144 2074 vel
1169 2031 1214 2074 in
1243 2031 1387 2089 legatis
1407 2030 1668 2084 insidiandis,

130 2089 192 2132 vel
232 2088 277 2131 in
308 2090 431 2132 servis
463 2091 512 2132 ad
544 2090 752 2145 hospitem
773 2089 887 2132 domi
921 2090 1159 2133 necandum
1181 2089 1461 2132 solicitandis:
1496 2088 1670 2145 plenum

66 2155 116 2189 10
132 2146 292 2189 sceleris
323 2147 562 2199 consilium,
595 2148 767 2204 plenum
797 2147 994 2200 audaciae.
1075 2148 1176 2191 Quo
1217 2147 1386 2204 quidem
1416 2145 1460 2188 in
1491 2144 1668 2188 crimine

130 2205 316 2261 primum
339 2205 440 2248 illud
470 2206 692 2262 requiram,
715 2205 942 2248 dixerit-ne
973 2204 1154 2256 Clodiae,
1175 2219 1304 2261 quam
1324 2204 1375 2246 ad
1397 2218 1485 2246 rem
1518 2218 1666 2246 aurum

130 2272 220 2306 tum
252 2271 446 2316 sumeret,
479 2278 533 2305 an
562 2279 649 2306 non
678 2262 856 2306 dixerit?
893 2263 1035 2306 sinon
1054 2261 1173 2315 dixit,
1206 2276 1280 2304 cur
1305 2259 1447 2303 dedit?
1482 2259 1517 2304 si
1546 2259 1677 2320 dixit,

967 2378 1019 2408 40.
1051 2374 1214 2418 Herenni]
1241 2373 1423 2408 Herennius
1448 2384 1527 2406 unus
1542 2373 1606 2407 fuit
1628 2383 1668 2408 ex

920 2420 1153 2456 accusatoribus
1169 2419 1275 2452 Coelii.

963 2467 1017 2497 43.
1036 2466 1112 2495 Quae
1123 2465 1176 2496 abs
1190 2463 1241 2503 ten]
1257 2462 1392 2495 Familia
1416 2461 1582 2494 Ciceronis
1601 2461 1667 2494 mi-

920 2522 989 2543 sere
1004 2509 1022 2541 a
1042 2508 1208 2540 Clodianis
1223 2516 1336 2540 vexata
1359 2516 1417 2546 est,
1442 2505 1515 2539 ciim
1542 2506 1609 2549 ipse
1631 2506 1667 2538 in

920 2555 1053 2588 exilium
1070 2552 1160 2585 abiit.
1205 2552 1291 2584 Vide
1306 2554 1397 2584 Orat.
1416 2563 1476 2594 pro
1491 2551 1600 2583 domo.

963 2602 1017 2630 47.
1035 2598 1092 2628 Tui
1105 2597 1278 2637 dissimilia]
1299 2597 1422 2629 tronice
1437 2595 1587 2636 loquitur.

175 2380 228 2409 32.
244 2378 286 2409 In
299 2378 394 2409 medio
404 2377 594 2420 relinquam]
608 2377 792 2419 Unicuique
803 2388 875 2420 per-

130 2421 237 2454 mittit
263 2430 301 2454 ut
326 2423 368 2455 de
392 2426 429 2454 ea
455 2422 497 2454 ad
522 2421 690 2455 arbitrium
716 2433 810 2454 suum
824 2423 876 2465 ju·

129 2465 227 2498 dicet.

147 2521 152 2528 ¹
174 2512 226 2541 33.
249 2511 291 2542 In
319 2509 486 2542 meretriciti
516 2509 578 2542 υἰιᾶ
603 2508 781 2554 collocarit]
810 2511 876 2543 Ne-

127 2553 211 2586 mini
248 2555 372 2588 mulieri
405 2563 567 2598 quaestum
593 2567 650 2587 suo
673 2566 805 2598 corpore
828 2554 875 2586 fa-

128 2609 201 2631 cere
218 2599 319 2638 licuit,
336 2599 398 2632 nisi
407 2612 477 2643 quae
494 2599 658 2632 licentiam
674 2600 776 2641 stupri
792 2599 877 2641 apud

128 2643 256 2676 AEdiles
270 2644 438 2686 vulgasset.
485 2644 572 2676 Vide
593 2644 748 2676 Tacitum
763 2643 820 2675 sub
838 2643 875 2675 fi-

129 2697 206 2719 nem
230 2690 259 2719 2.
289 2688 347 2720 lib.
378 2691 469 2721 Ann.
489 2691 535 2721 Ea
559 2698 668 2721 autem
693 2688 768 2731 ipsis
800 2699 876 2719 con·

126 2732 209 2763 ditio
234 2731 385 2776 imposita
405 2733 481 2772 fuit,
510 2741 547 2765 ut
571 2734 643 2776 jure
669 2734 817 2764 cederent
844 2740 877 2765 et

127 2775 287 2818 dignitate
299 2785 540 2817 matronarum3
563 2777 687 2809 inducit
697 2784 806 2808 autem
821 2787 876 2807 ex-

125 2820 272 2896 {mplum
300 2821 560 2865 hypotheticum,
577 2833 643 2866 quo
666 2822 871 2855 meretricem

150 2865 288 2899 escribit.
659 2866 674 2869 ’ἶ

915 2871 963 2897 est
977 2874 1083 2909 parag.
1094 2875 1124 2896 v.
1133 2862 1155 2896 l.
1174 2867 1205 2896 4.
1244 2866 1248 2871 ’

970 2645 998 2675 l.
1019 2642 1184 2674 Emer-sisse
1199 2641 1214 2672 ε’
1230 2641 1336 2682 nudie]
1354 2640 1526 2683 Allegoria
1541 2645 1667 2682 sumpta

921 2688 937 2718 a
949 2686 1186 2728 navigantibus.

966 2732 994 2763 6.
1012 2731 1159 2770 Lucceii.]
1173 2729 1331 2762 Lucceius
1343 2729 1397 2761 ille
1409 2728 1471 2762 fuit
1486 2725 1667 2765 historicus,

922 2777 962 2807 ad
978 2785 1079 2818 quem
1089 2781 1176 2807 extat
1193 2774 1356 2807 Ciceronis
1371 2772 1517 2815 epistola.

958 2822 991 2850 ’1.
1018 2818 1354 2867 AlexfflrinugDio]
1378 2818 1430 2852 De
1451 2816 1512 2850 hoc
1537 2813 1663 2847 dictum

1511 2892 1660 2945 eodem
