1887 3083
890 115 1052 157 VITA.
1722 118 1763 159 xi

166 220 395 320 lelgionibps
416 221 617 265 Romanis
634 220 839 279 patefecit,
858 223 930 280 qui
947 224 1042 267 ante
1063 224 1216 282 populo
1236 225 1428 268 Romano
1445 239 1494 267 cx
1516 225 1632 268 omni
1652 227 1764 270 aditu

166 295 188 320 c
206 294 326 321 ausus
366 290 491 323 uerat.

524 384 741 460 ANNUS
774 414 950 456 URBIS
983 414 1275 458 CONDITAE
1302 414 1402 457 682.

242 504 273 541 C
275 517 339 542 oss.
361 504 426 543 Cn.
443 504 591 554 Aufidio
610 507 742 550 Oreste,
773 507 816 543 P.
831 506 1010 544 Cornelio·
1021 507 1170 543 Lemnio
1186 506 1293 550 Sur-d,
1324 514 1406 543 unte
1423 505 1607 543 Christum
1623 511 1685 543 70.

691 559 878 597 Ciceronis
895 561 1098 608 trigesimus
1115 568 1244 596 sextus.

228 643 321 684 Hoc
339 659 449 686 anno
466 642 620 686 Servile
632 642 788 684 bellum
805 644 829 683 ὲ
849 642 1000 684 Crasso
1016 643 1193 682 Praetore
1207 657 1274 683 sex
1292 642 1506 684 mensibus
1524 642 1766 698 confectum

165 709 241 751 est,
264 700 381 756 eique
401 701 665 755 permissum,
689 709 734 740 ut
755 715 881 740 ovans
897 698 1042 740 urbem
1066 698 1356 755 ingrederetur.
1406 701 1565 742 Eodem
1584 712 1768 757 tempore

165 773 214 800 ex
233 757 440 813 Hispania
456 757 500 798 in
520 757 680 798 Italiam
703 755 926 813 Pompeius
943 756 1169 797 exercitum
1190 757 1363 807 reduxit,
1386 769 1423 798 et
1441 757 1769 814 quinquemillia

166 814 452 872 fugitivorum,
475 814 546 872 qui
567 816 587 855 ἐ
608 813 751 870 praelio
768 812 971 871 fugerant,
994 813 1210 856 interfecit.
1245 814 1410 859 Ultimo
1433 816 1555 872 hujus
1574 817 1669 857 anni
1685 817 1765 870 die,

165 870 442 929 pridie‘quiim
465 871 728 914 consulatum
749 871 887 925 iniret,
919 876 1057 929 Eques
1089 873 1304 915 Romanus
1325 873 1374 914 dc
1399 872 1603 930 Hispani-21
1624 885 1769 931 praeter

163 944 327 975 morem
349 929 637 987 triumphavit.

527 1052 744 1095 ANNUS
778 1052 954 1094 URBIS
989 1051 1280 1095 CONDITAE
1308 1057 1406 1096 683.

277 1145 372 1183 Coss.
397 1144 456 1181 Μ.
476 1144 625 1182 Licinio
645 1144 786 1188 Crasso,
817 1144 883 1183 Cn.
905 1145 1075 1193 Pompeio
1097 1144 1255 1195 Magno,
1284 1153 1368 1181 ante
1385 1145 1569 1182 Christum
1587 1148 1651 1184 69.

667 1200 853 1237 Ciceronis
869 1199 1074 1247 trigesimus
1092 1199 1274 1247 septimus.

219 1283 459 1328 Defunctus
476 1285 706 1328 Quaestura
725 1284 890 1336 Cicero,
913 1283 1249 1341 quinquennium
1271 1282 1351 1325 fer}
1373 1284 1414 1325 in
1437 1284 1572 1326 causis
1604 1284 1771 1342 agendis

163 1352 346 1387 versatus
361 1353 422 1385 est
439 1342 607 1384 sumnia
625 1359 721 1385 cum
741 1342 1031 1395 admiratione,
1056 1343 1123 1384 sed
1140 1341 1365 1398 principue,
1386 1343 1495 1399 quod
1513 1344 1563 1384 ab
1583 1342 1648 1394 iis,
1668 1358 1771 1398 quos

164 1400 423 1453 defendebat,
446 1400 561 1443 nulla
585 1401 695 1442 dona
715 1400 961 1458 accipiebat.
1023 1402 1122 1442 Hoc
1143 1415 1253 1441 anno
1275 1400 1378 1440 dixit
1398 1415 1472 1456 pro
1489 1402 1557 1442 M.
1577 1401 1716 1441 Tullio
1733 1414 1773 1443 et

164 1458 218 1503 L.
233 1459 416 1500 Vareno.
436 1457 681 1501 Orationem
700 1458 966 1515 utramquein
985 1458 1122 1499 lucem
1138 1456 1312 1498 edidisse
1327 1458 1576 1500 Ciceronem
1592 1458 1770 1501 Quinti-

163 1513 265 1557 'liani
289 1525 328 1557 et
350 1515 549 1557 Prisciani
566 1516 806 1558 testimonio
830 1525 987 1558 certum
1019 1525 1106 1557 est:
1140 1524 1181 1557 at
1208 1525 1380 1572 utraque
1401 1516 1534 1570 periit.
1596 1517 1768 1558 Verrem

164 1588 330 1630 quoque
352 1572 618 1631 injudicium
635 1573 795 1616 vocavit
816 1573 857 1615 in
879 1574 1050 1631 gratiam
1070 1573 1323 1615 Siculorum.
1374 1575 1534 1615 Eodem
1551 1589 1660 1615 anno
1680 1574 1773 1617 tulit

164 1629 297 1686 legem
331 1631 380 1672 ad
411 1630 614 1686 populum
647 1633 701 1672 L.
734 1631 931 1673 Aurelius
965 1631 1092 1673 Cotta
1128 1633 1299 1683 Praetor,
1341 1640 1387 1673 ut
1421 1633 1637 1673 Senatores
1673 1648 1772 1675 cuin

163 1688 387 1745 Equitibus
408 1697 448 1730 et
465 1687 665 1731 Tribunis
680 1688 1093 1747 aerariisjudicarent.

528 1811 747 1854 ANNUS
780 1811 958 1853 URBIS
992 1810 1286 1854 CONDITAE
1308 1815 1408 1854 684.

268 1904 370 1942 coss.
392 1905 435 1942 Ω,
454 1905 668 1948 Hortensio,
703 1905 746 1941 9.
764 1904 916 1942 Caecz'lio
937 1904 1094 1940 ,Metello
1111 1904 1268 1948 Cretico,
1300 1913 1382 1942 ante
1399 1903 1584 1942 Christum
1603 1907 1666 1942 68.

673 1956 863 1996 Ciceronis
878 1958 1084 2006 trigesimus
1101 1965 1260 1995 octavus.

223 2042 322 2083 Hoc
343 2057 454 2083 anno
472 2041 622 2085 AEdilis
640 2041 718 2085 fuit
736 2041 902 2094 Cicero,
921 2040 1082 2098 ipsique
1098 2041 1184 2084 ludi
1202 2042 1454 2085 sanctissimi
1472 2043 1660 2086 maxima
1675 2060 1773 2086 cum

167 2099 420 2141 eaeremonia
438 2100 595 2153 Cereri,
618 2101 786 2152 Libero,
805 2099 1051 2156 Liberaeque
1069 2099 1245 2142 faciendi
1264 2099 1446 2144 fuerunt.
1478 2102 1621 2143 Multa
1641 2102 1773 2144 Siculi

166 2172 216 2202 ex
246 2156 383 2199 insula
403 2158 479 2199 sua
498 2159 547 2200 ad
566 2173 662 2200 eum
684 2158 866 2201 AEdilem
886 2158 1127 2209 attulerunt,
1161 2173 1336 2214 quorum
1362 2159 1428 2200 ille
1449 2159 1554 2201 nihil
1579 2159 1626 2201 ad
1650 2175 1772 2202 suum

163 2225 375 2271 quaestum
389 2215 582 2267 contulit,
601 2217 764 2258 tantum
783 2215 1008 2258 hominum
1024 2216 1266 2258 liberalitate
1276 2217 1325 2258 ad
1336 2217 1772 2260 annonamlevandam

166 2287 265 2323 usus
287 2282 363 2315 est.
424 2273 627 2316 Lucullus
647 2274 990 2331 Tigranocertam
1014 2274 1161 2316 urbem
1184 2273 1430 2331 ex·¹imperi0
1452 2274 1645 2331 Tigranis
1667 2275 1776 2331 cepit

164 2330 317 2387 ,exigua
338 2346 485 2384 manu,
518 2347 674 2390 magno
696 2332 883 2374 hostium
912 2347 1089 2374 numero
1119 2333 1351 2390 profligato.
1414 2333 1483 2376 M.
1505 2332 1660 2389 Pupius
1678 2333 1774 2376 Piso

163 2388 215 2444 de
236 2388 441 2445 Hispanis
471 2388 756 2446 triumphavit.
819 2389 970 2432 Cicero
991 2405 1065 2446 pro
1087 2389 1260 2433 Fonteio
1280 2390 1384 2433 dixit
1397 2407 1411 2444 3
1444 2391 1617 2433 fortasse
1648 2391 1774 2434 etiam

165 2461 240 2508 pro
264 2446 469 2489 Caecina:
502 2463 602 2489 nam
626 2458 791 2505 tempus
810 2448 1014 2491 incertum
1037 2458 1113 2492 est.

536 2570 755 2614 ANNUS
790 2571 966 2614 URBIS
1002 2570 1294 2614 CONDITAE
1316 2575 1411 2613 685.

323 2660 422 2699 Coss.
444 2662 487 2700 L.
508 2662 661 2704 Caecilio
677 2663 846 2707 DIetello,
879 2665 922 2702 Ω.
946 2664 1103 2702 Marcio
1123 2665 1232 2714 Rege,
1255 2674 1337 2702 (mee
1356 2664 1537 2703 Christum
1557 2668 1618 2703 67.

687 2715 876 2755 Ciceronis
895 2719 1099 2768 trigesimus
1125 2731 1248 2758 nonus,

224 2800 640 2867 Luculliexercitum
664 2801 838 2848 Clodius
859 2801 1096 2856 solicitavit,
1129 2802 1230 2845 dum
1265 2803 1456 2851 Nisibim
1488 2805 1771 2865 oppugnabat,

1387 2886 1391 2888 -
1645 2879 1772 2921 quam
