1872 3140
518 127 582 171 IN
601 127 665 170 M.
690 125 1018 178 ANTONIUM
1045 121 1372 171 PHILIPPICA
1401 127 1455 168 ΙΙ.
1718 131 1803 173 407

197 244 401 286 nominari
421 243 552 292 vobis,
582 241 676 284 etim
715 243 787 296 ipsi
821 242 1121 292 recordemini3
1154 242 1171 266 Β
1188 242 1289 282 mihi
1310 255 1524 295 poenarum
1553 241 1610 282 illi
1629 243 1720 296 plus

189 316 316 356 quam
359 312 559 354 optarem,
604 302 818 342 dederunt.
891 298 974 340 Te
994 300 1135 348 miror,
1177 299 1352 348 Antoni,
1398 312 1572 353 quorum
1612 298 1717 342 facta
1762 304 1788 340 5

182 358 368 408 imitere,
397 371 540 398 eorum
561 359 694 401 exitus
724 372 808 397 non
837 358 1156 421 perhorrescere.
1214 358 1351 410 Atque
1371 355 1480 397 hoc
1470 369 1511 395 in
1533 355 1617 396 aliis
1636 357 1715 396 mi-

186 410 265 460 niis
286 415 490 455 mirabar·
481 445 493 463 ‚
525 423 646 456 nemo
682 408 844 459 illorum
875 414 1060 454 inimicus
1085 414 1195 454 mihi
1223 411 1302 454 fuit
1321 412 1595 454 voluntarius·
1622 427 1712 454 om—

186 483 260 510 nes
281 485 304 510 a
325 485 391 512 me
411 472 468 512 rei
472 473 641 526 publicce
661 485 777 515 causa
811 471 1007 519 lacessiti3
1037 482 1098 519 tu,
1129 484 1182 510 ne
1199 470 1325 510 verbo
1345 470 1511 524 quidem
1525 470 1711 520 violatus,

184 537 230 567 ut
261 529 449 571 audacior
488 530 610 582 quarn
651 529 699 569 L.
737 528 924 575 Catilina,
952 527 1142 568 furiosior
1171 537 1299 591 quam
1330 525 1376 568 P.
1396 526 1566 568 Clodius
1596 528 1710 568 vide-

183 598 290 634 rere,
320 584 429 625 ultro
460 586 680 627 maledictis
707 599 774 625 me
800 584 1020 629 lacessisti·
1008 613 1022 632 ,
1053 595 1247 638 tuamque
1282 598 1305 623 a
1337 598 1403 624 me
1423 584 1706 626 alienationem
1730 587 1781 623 10

182 643 582 683 commendationem
616 642 689 682 tibi
722 642 773 683 ad
810 641 914 681 cives
945 640 1090 694 impios
1124 639 1212 681 fore
1236 640 1437 695 putavisti
1498 640 1612 696 Quid
1629 655 1706 710 pu-

158 725 161 728 -
181 708 266 738 tem
290 697 305 738 ?
337 711 687 753 contemptum-ne
708 696 813 738 me?
842 711 927 737 non
961 697 1082 737 video
1114 711 1190 738 nec
1212 698 1253 737 in
1274 696 1372 746 vita,
1402 697 1538 737 necin
1559 696 1704 753 gratia,

182 768 258 795 nec
294 756 335 794 in
364 757 482 797 rebus
519 755 654 810 gestiS,
684 769 759 795 nec
786 755 829 794 in
860 754 938 797 hac
967 768 1059 795 mea
1089 754 1282 794 medioci
1273 765 1369 795 itate
1407 755 1576 809 ingenii,
1604 756 1704 810 quid

182 812 388 865 despicere
409 812 530 866 possit
551 812 766 852 Antonius
832 811 897 850 An
928 812 970 851 in
990 811 1142 851 Senatu
1167 809 1356 852 facillime
1378 811 1429 851 de
1454 825 1522 851 me
1542 812 1700 854 detrahi

179 882 295 921 posse
324 869 521 909 credidit.
514 867 530 897 Ρ
557 869 627 923 qui
659 869 760 909 ordo
791 868 1015 908 clarissimis
1053 869 1206 909 civibus
1240 865 1344 909 ben&
1378 878 1502 922 gest‘e
1536 869 1772 923 reipub-15

179 924 267 968 licae
286 926 562 966 testimonium
597 927 751 975 multis,
781 925 884 964 mihi
904 926 975 965 uni
1004 936 1250 971 consenatae
1285 924 1413 966 dedit.
1473 926 1542 965 An
1563 926 1704 966 ‹iecer-

177 992 265 1023 tare
297 996 458 1022 mecum
479 983 605 1023 voluit
633 983 898 1024 contentione
931 981 1128 1022 dicendi?
1171 984 1250 1023 hoc
1270 982 1437 1036 quidem
1455 981 1702 1025 beneficium

178 1049 266 1087 est3
298 1040 396 1092 quid
430 1040 540 1080 enirn
573 1041 744 1094 plenius,
774 1039 872 1092 quid
893 1035 1070 1087 uberius,
1093 1037 1223 1106 quim]
1243 1040 1345 1080 mihi
1379 1049 1420 1080 et
1454 1053 1630 1092 prome,
1660 1051 1701 1081 et

177 1106 321 1141 contra
340 1096 565 1148 Antonium
587 1098 722 1137 dicere
746 1094 761 1136 ?
792 1096 898 1136 Illud
929 1093 1114 1149 profecto
1142 1107 1228 1137 est·
1218 1127 1230 1146 ,
1261 1111 1346 1136 non
1375 1094 1620 1138 existimavit
1638 1097 1700 1138 sui

134 1175 141 1182 -
173 1152 370 1193 similibus
389 1155 552 1208 probari
570 1167 702 1208 posse,
729 1167 772 1194 se
805 1167 889 1194 esse
908 1153 1069 1198 hostem
1089 1154 1246 1208 patriae,
1275 1152 1352 1197 nisi
1371 1152 1477 1195 mihi
1495 1164 1596 1196 esset
1622 1153 1700 1196 ini·
1715 1158 1772 1195 20

174 1208 316 1257 micus.-

169 1303 282 1318 hum..

551 1322 566 1344 1'
578 1325 703 1376 puniti
718 1332 798 1361 sunt
812 1323 963 1374 gracilis
983 1323 1328 1375 qucim‘optaeissem.

214 1519 243 1549 6.
270 1517 372 1550 Exitus·
396 1529 454 1550 non
483 1517 717 1562 perhorrescere]
761 1519 910 1555 Catilina,
952 1520 1098 1552 comitati
1117 1519 1200 1550 sint:
1230 1521 1367 1551 Senatus
1391 1519 1540 1560 frequens
1557 1527 1691 1555 vestem.

172 1563 229 1601 qui
250 1571 360 1593 contra
385 1563 631 1603 Rempublicam
656 1569 688 1594 et
718 1562 909 1593 Ciceronem
953 1570 1106 1603 tanquam
1135 1564 1167 1593 in
1197 1563 1330 1602 publico
1365 1562 1469 1599 luctu,
1502 1565 1692 1594 mutandam

170 1606 417 1645 conspiraverat,
441 1615 582 1637 arrriatus
610 1607 641 1635 in
666 1605 773 1646 praelio
797 1613 908 1636 contra

170 1649 307 1686 patriam
317 1649 442 1679 occisus
456 1658 511 1680 est.
559 1649 642 1679 Socii
660 1649 745 1678 illius
761 1649 907 1686 conjura-

173 1690 265 1720 tionis
286 1691 318 1720 in
343 1700 479 1729 carcere,
504 1693 637 1723 Senarus
655 1693 790 1727 cicerem,
813 1692 908 1722 inter-

170 1733 244 1762 fecti
259 1741 346 1764 sunt.
393 1736 501 1766 Caesus
525 1734 543 1765 it
567 1735 692 1765 Milone
711 1734 842 1764 Clodius
861 1742 906 1764 est

169 1775 315 1807 Ciceroni
333 1779 546 1817 perinfensuS‚
560 1778 616 1817 qui
633 1788 711 1808 eum
723 1777 755 1807 in
767 1777 904 1808 exilium

166 1819 362 1851 factionibus
377 1823 442 1852 suis
455 1821 603 1862 ejecerat.

213 1863 258 1893 lb.
282 1863 321 1893 In
335 1864 427 1903 allisa]
450 1866 617 1901 Clodium,
633 1863 819 1900 Catilinam,
842 1863 906 1895 Va-

168 1905 305 1943 tinium,
323 1907 473 1941 Pisonem
493 1916 524 1938 et
545 1907 723 1937 Gabinium
744 1906 904 1946 intelligit,

168 1957 252 1987 quos
264 1950 331 1988 ipse
347 1951 457 1980 Cicero
470 1950 638 1981 lacessivit.

213 1993 261 2021 10.
276 1991 360 2023 Ultro
373 1992 546 2032 maledicts]
574 1993 738 2023 Antonius
740 1993 848 2042 prior·
852 1993 905 2023 Ci-

165 2043 315 2070 ceronem
336 2045 497 2076 aggressus
509 2045 555 2067 est
575 2045 700 2076 sponte,
717 2046 793 2066 cum
807 2036 902 2066 minis

167 2077 332 2108 intentatis
343 2089 421 2114 eum
436 2081 508 2110 veni
513 2089 544 2110 re
560 2080 592 2109 in
604 2080 769 2115 Senatum,
785 2088 902 2118 quarn-

166 2121 214 2151 vis
228 2120 434 2160 languentem
445 2132 482 2152 ex
493 2123 615 2160 itinere,
627 2122 796 2162 compulit.
822 2122 848 2151 V
854 2122 902 2152 ide

157 2165 360 2203 superiorem
376 2166 464 2199 Orat.

213 2209 260 2236 12.
286 2207 402 2238 Θναιίἇ.
405 2206 419 2249 ]
447 2207 705 2240 Benevolemiam
721 2208 821 2247 gratia
837 2208 898 2248 sig-

165 2247 284 2285 nificat,
301 2261 400 2289 quam
426 2252 564 2291 populus
589 2253 621 2282 in
637 2252 823 2282 Ciceronem
841 2252 898 2282 ha·

165 2291 254 2322 buit:
279 2301 355 2332 quae
370 2302 457 2324 tanta
475 2296 559 2333 fuit3
580 2303 630 2331 ut,
647 2293 722 2324 ciim
737 2295 847 2325 cedere
858 2295 899 2324 ab

165 2335 244 2365 urbe
259 2337 336 2366 etin
352 2336 488 2369 exilium
511 2347 564 2377 per
587 2337 739 2368 Clodium
763 2345 794 2368 et
813 2339 899 2368 Con-

165 2378 249 2408 sules
265 2379 414 2410 Pisonem
430 2388 461 2411 et
483 2381 659 2411 Gabinium
675 2381 759 2411 exire
775 2390 901 2421 cogere-

166 2427 231 2455 tur,
247 2423 354 2452 omnis
371 2424 433 2453 fere
448 2431 593 2464 equester
605 2424 682 2453 ordo
695 2431 815 2454 vestem
827 2433 901 2454 mu-

167 2464 289 2500 raverit,
305 2465 493 2497 nobilissimi
507 2466 720 2496 adolescentes
733 2469 770 2497 ad
785 2466 899 2506 viginti

166 2505 267 2544 millia
279 2515 413 2540 numero
429 2511 576 2541 sordidati
597 2510 811 2550 deprecatores
832 2509 901 2551 ejus

952 1608 1119 1637 censuerit.
1151 1606 1310 1636 Redeunti
1327 1605 1403 1638 vero
1419 1606 1458 1636 ab
1475 1607 1574 1636 exilio
1588 1616 1692 1647 egres-

952 1660 1006 1680 sus
1024 1651 1159 1680 Senatus
1179 1650 1206 1679 ei
1233 1649 1362 1680 obviam
1380 1650 1466 1680 venit
1480 1659 1557 1680 cum
1569 1650 1692 1690 populo

952 1694 1110 1729 universo,
1127 1691 1144 1722 ἐι
1161 1701 1227 1731 quo
1251 1692 1368 1730 plausu
1393 1693 1542 1724 maximo
1567 1692 1585 1722 ᾗ
1601 1692 1690 1732 porti

953 1734 1079 1776 Capena
1104 1745 1205 1774 usque
1221 1736 1259 1765 ad
1284 1736 1499 1774 Capitolium,
1524 1737 1614 1775 quasi
1635 1737 1690 1767 tri—

948 1780 1110 1818 umphans
1120 1779 1274 1808 deductus
1288 1785 1344 1808 est.
1380 1780 1597 1809 Accedentem
1611 1778 1688 1809 vero

949 1823 988 1853 ad
1003 1823 1114 1852 urbem
1132 1828 1202 1861 post
1218 1823 1431 1852 reversionem
1454 1822 1472 1852 ὲ
1491 1820 1614 1852 Graeci5
1627 1831 1688 1852 nu-

950 1875 1057 1906 peram
1084 1871 1170 1895 tanta
1193 1862 1366 1895 multitudo
1382 1865 1542 1902 convenit,
1557 1872 1592 1896 ut
1608 1865 1688 1896 dum

948 1909 987 1938 ad
1005 1916 1109 1947 portas
1127 1908 1356 1946 ingredientem
1368 1908 1546 1947 excipiunt,
1570 1909 1688 1938 adven-

950 1958 1086 1991 tumque
1097 1951 1308 1990 gratulantur‚
1319 1951 1384 1982 dies
1396 1951 1463 1985 sere
1474 1958 1687 1991 consumptus

949 1994 1054 2024 fuerit.
1100 1994 1178 2025 Vide
1198 1993 1316 2024 l’lutar.
1336 1995 1368 2024 in
1384 1993 1549 2026 Cicerone.

993 2038 1040 2068 14.
1057 2033 1209 2076 Deerahi]
1235 2037 1401 2067 Antonius
1416 2037 1547 2068 credidit
1562 2036 1683 2068 haben-

945 2081 986 2111 do
1001 2080 1178 2113 orationem
1194 2079 1283 2110 illam
1301 2079 1431 2120 plenam
1452 2080 1630 2111 maledictis
1650 2082 1683 2110 in

945 2124 1148 2160 Ciceronem,
1174 2132 1266 2161 posse
1288 2123 1410 2162 aliquid
1435 2124 1628 2154 imminuere
1644 2124 1683 2154 de

941 2164 1052 2207 gratia,
1069 2176 1132 2206 qua
1149 2165 1277 2196 valebat
1297 2167 1383 2205 apud
1401 2166 1572 2215 populum.

988 2211 1034 2240 16.
1057 2208 1132 2239 Mihi
1147 2209 1197 2238 nni
1218 2218 1326 2239 cons-er·h
1325 2213 1384 2239 ατε
1398 2208 1482 2239 dedit.
1489 2210 1502 2248 ]
1526 2207 1612 2240 Citm
1625 2209 1680 2254 Ci-

942 2261 1014 2283 cero
1022 2251 1295 2291 Rempublicam
1283 2262 1300 2282 a
1310 2250 1455 2283 Catilinae
1463 2242 1682 2290 conjuratione

944 2296 1129 2332 vindicavit,
1139 2296 1167 2325 ei
1181 2295 1460 2334 supplicationem,
1469 2296 1619 2345 quamvis
1634 2301 1681 2325 to-

943 2346 1028 2379 gate,
1054 2339 1189 2369 Senatus
1203 2339 1348 2369 decrevit.
1376 2339 1425 2370 M.
1443 2339 1523 2369 Cato
1536 2336 1571 2368 ea
1592 2338 1628 2368 de
1649 2348 1680 2370 re

945 2390 1072 2422 rogatus
1095 2381 1299 2416 sententiam,
1337 2382 1526 2413 Ciceronem
1557 2388 1679 2420 patrem

945 2426 1055 2464 patriae
1075 2426 1298 2464 nuncupavit;
1321 2425 1378 2466 qui
1406 2427 1510 2456 honos
1534 2422 1679 2455 inlibe13

943 2469 1068 2500 cii-itate
1085 2467 1177 2500 anteit
1192 2469 1315 2500 nemini
1327 2470 1420 2500 datus
1436 2469 1548 2500 fuerat.

1507 2850 1682 2894 REFU-
