1872 3140
445 154 509 202 tN
542 159 605 202 M.
634 132 963 203 amomum
989 147 1314 203 Pntttr'ch
1331 155 1367 202 1.

161 274 265 340 saep'e
288 272 443 327 justum
463 273 617 325 fuisset,
646 287 812 330 propter
849 286 1055 330 perpetuae
1096 275 1320 317 Dictaturae
1360 281 1568 315 recentem
1600 284 1690 312 me-

159 331 330 374 moriam
360 330 544 373 funditus
578 348 630 374 ex
651 333 858 388 republica
891 333 1128 374 sustulisset

157 391 250 430 culo
288 389 420 442 paucis
452 387 543 444 post
574 390 715 431 diebus
750 391 921 431 Senatus
955 390 1198 439 videbatur,
1240 403 1367 430 uncus
1400 387 1597 442 impactus
1627 397 1687 427 est

155 445 330 501 fugitivo
363 446 435 496 illi,
465 448 534 501 qui
556 446 597 487 in
619 447 667 487 C.
684 446 807 488 Marii
828 460 979 487 nomen
995 447 1206 487 invaserat.

1266 448 1406 500 Atque
1424 445 1517 486 haec
1549 443 1688 485 omnia

154 503 428 544 communiter
466 519 558 544 cum
600 504 786 559 collegam
815 504 890 543 alia
923 500 1048 557 porro
1080 503 1242 557 propria
1276 503 1530 544 Dolabellae:
1576 513 1686 555 quae,

153 559 231 600 nisi
252 561 404 615 collega
424 559 628 610 abfuisset,
646 563 767 602 credo
788 561 843 601 eis
864 558 984 600 fuisse
1003 558 1140 600 futura
1154 561 1399 600 communia.

153 629 333 671 serperet
360 619 401 658 in
432 619 532 659 urbe
557 618 799 658 infinitum·
819 617 986 665 malum,
1015 616 1139 670 idque
1166 629 1348 658 manaret
1367 616 1411 657 in
1425 617 1510 657 dies
1529 611 1680 665 latius3
1701 620 1759 656 40

1456 558 1566 599 Nam
1585 553 1683 598 cum

153 673 361 728 iidemque
380 674 573 725 bustum
563 687 606 715 m
640 673 732 714 foro
761 673 957 722 facerent,
987 673 1057 727 qui
1086 673 1196 713 illam
1229 673 1471 728 insepultam
1501 673 1682 727 sepultu-

153 746 240 771 ram
279 731 525 780 effecerant3
567 742 606 771 et
647 730 828 785 quotidie
873 730 999 785 magis
1036 730 1246 785 magisque
1284 731 1433 784 perditi
1476 729 1681 783 homines,

154 803 248 828 cum
288 788 347 828 sui
394 788 588 828 similibus
616 788 756 836 servis,
785 787 901 828 tectis
948 797 993 827 ac
1042 788 1203 856 templis
1250 787 1360 828 urbis
1400 787 1680 828 minarentur.

158 845 258 887 talis
287 845 581 885 animadversio
621 844 699 885 fuit
737 844 980 894 Dolabellae,
1026 858 1122 884 curn
1165 845 1208 884 in
1248 846 1416 886 audaces
1447 845 1678 885 sceleratos-

156 916 239 956 que
274 915 423 950 servos,
453 910 542 942 tum
572 902 614 942 in
645 902 826 955 impuros
858 913 896 942 et
914 900 1088 942 nefarios
1123 902 1300 952 liberos3
1331 902 1501 957 talisque
1521 902 1675 942 eversio
1695 905 1750 944 45

151 959 258 999 illius
305 970 503 1000 execratae
546 960 762 1008 columnae,
792 969 836 999 ut
876 958 1026 998 mirum
1068 959 1172 998 mihi
1222 959 1420 1008 videatur,
1449 969 1534 999 tarn
1558 955 1675 999 valde

151 1016 355 1069 reliquum
388 1026 548 1070 tempus
580 1017 631 1057 ab
651 1030 732 1056 uno
757 1016 826 1056 illo
846 1017 913 1056 die
933 1016 1179 1056 dissensisse.

1237 1015 1342 1057 Ecce
1364 1017 1473 1057 enim
1494 1015 1672 1056 Kalend.

152 1071 295 1121 Juniis,
325 1072 469 1126 quibus
508 1085 553 1114 ut
586 1075 813 1114 adessemus
845 1073 1044 1121 edixerat,
1089 1083 1243 1114 mutata
1286 1075 1443 1114 omnia.
1471 1073 1575 1113 nihil
1600 1086 1674 1126 per

151 1129 365 1179 Senatum,
395 1131 518 1171 multa
541 1141 581 1170 et
602 1145 750 1186 magna
782 1144 854 1184 per
875 1131 1065 1184 seipsum,
1086 1141 1126 1171 et
1146 1132 1310 1172 absente
1339 1123 1490 1186 populo
1509 1141 1563 1176 et
1569 1130 1675 1169 invi-

153 1197 209 1229 to.

269 1185 468 1229 Consules
503 1188 701 1243 designati
729 1202 770 1228 se
797 1190 946 1228 audere
979 1188 1181 1242 negabant
1210 1188 1253 1228 in
1283 1187 1480 1229 Senatum
1501 1187 1671 1230 venire:
1691 1193 1746 1230 50

713 1356 731 1378 ¹²
750 1355 881 1395 seditio
901 1356 1107 1397 domestica.

194 1556 616 1608 84.Sa·pefflstzzmfi1zsset]
640 1557 807 1589 Dictatoris
823 1558 890 1598 dig-

151 1603 232 1634 nitas
247 1612 330 1642 supe
342 1604 428 1641 justa
446 1604 521 1640 fuit,
559 1601 635 1632 cum
660 1599 797 1642 legitime
813 1610 891 1632 con-

149 1647 319 1677 cedebatur
335 1656 354 1676 a
371 1646 528 1682 Consule,
545 1645 668 1685 populo
684 1645 734 1676 vel
751 1646 820 1674 Sen·
815 1652 890 1682 ιιιιις

149 1695 183 1719 et
197 1696 267 1729 post
280 1698 337 1720 sex
350 1698 476 1720 menses
489 1689 715 1728 deponebatur.

193 1733 243 1762 lb.
258 1731 412 1763 Receneem
421 1732 606 1771 memorium]
657 1730 819 1761 Antonius
836 1731 890 1761 de·

150 1783 304 1813 creverat,
319 1784 359 1806 ne
382 1777 457 1816 quis
472 1776 620 1815 deinceps
643 1775 788 1805 Dictator
803 1783 889 1804 crea—

151 1826 249 1855 retur,
265 1826 394 1858 propter
411 1827 570 1850 recentem
590 1819 680 1850 illam
693 1819 888 1848 dictaturam

151 1870 253 1901 quam
276 1862 336 1893 sibi
370 1862 475 1894 Caesar
511 1869 699 1902 perpetuam
716 1858 890 1892 vindicarat

151 1911 262 1935 contra
275 1905 369 1945 leges.

195 1948 247 1979 35.
266 1947 420 1979 Liberatus
432 1948 519 1978 credis
529 1945 681 1990 pericula]
703 1947 889 1980 Periculum

152 1991 284 2029 indicat,
297 1992 385 2032 quod
394 1993 480 2022 nasci
495 1999 616 2032 poterat
630 1999 669 2021 ex
685 1992 826 2031 quodam
841 1992 889 2021 su—

151 2034 251 2073 gitivo
274 2042 306 2064 et
329 2035 494 2075 incognito
520 2035 663 2070 homine,
679 2035 734 2073 qui
753 2033 772 2064 a
792 2034 888 2064 Livio

150 2076 233 2117 Epit.
249 2077 304 2108 lib.
329 2079 399 2108 116.
423 2076 600 2115 Choma-es,-
625 2077 748 2109 Valerio
775 2076 830 2108 lib·
854 2079 884 2108 9.

151 2130 219 2161 cap.
259 2121 308 2152 15.
334 2119 523 2164 'Herophilus
555 2120 691 2162 equarivs
721 2119 856 2150 Aledicm
871 2133 884 2158 ,-

149 2164 202 2195 ab.
213 2165 359 2204 Appiano
373 2164 428 2195 lib.
445 2165 476 2194 3.
520 2165 661 2196 Amulius
689 2163 884 2195 nominatur.

147 2204 182 2238 Is
196 2206 305 2247 itaque
319 2217 352 2238 se
370 2204 528 2239 filiumc.
546 2207 655 2243 Marii,
671 2216 703 2239 et
721 2205 884 2247 propterea

151 2250 281 2281 Caesaris
295 2251 428 2282 affinem
447 2251 619 2282 dictitabat.
638 2251 813 2282 Hominem
827 2255 882 2290 po-

149 2293 296 2346 punirem
312 2302 344 2324 et
367 2295 554 2327 seditiosum
575 2294 747 2331 Antonius,
766 2293 882 2324 indicta

148 2332 254 2373 musa,
264 2346 395 2368 summa
407 2347 484 2369 curn
497 2338 728 2379 approbatione
737 2316 885 2375 senatus,

150 2379 330 2418 interfecit,
355 2387 386 2411 et
410 2380 595 2412 interfectus
619 2389 704 2411 unco
727 2381 828 2412 ferreo
842 2382 882 2412 ad

149 2402 330 2455 Gemoniae’
347 2423 460 2461 scalas,
494 2424 534 2455 ad
566 2433 679 2464 rupem
713 2424 882 2464 Tarpeiam

149 2471 267 2496 tractus
294 2472 368 2516 esti
398 2468 484 2498 uncle
513 2468 547 2498 in
575 2467 719 2498 Tiberim
743 2466 883 2498 fluvium

148 2508 290 2540 damnati
302 2506 560 2551 projiciebantur.

188 2552 242 2582 41.
278 2548 372 2591 [idun
403 2552 545 2595 bustum]
591 2553 731 2586 Bustum
761 2552 885 2594 proprie

145 2591 239 2626 to‘cus
251 2593 379 2632 dicitur,
390 2597 446 2626 ubi
456 2597 588 2628 oedaver
601 2598 811 2628 combustum
821 2604 877 2628 est.

145 2635 271 2668 Verum
286 2633 342 2677 hig:
357 2640 499 2670 sumitur
513 2650 571 2680 pro
585 2641 652 2681 ipso
667 2648 882 2672 monumento

142 2680 232 2722 quod
251 2681 283 2711 in
299 2681 455 2712 honorem
469 2683 599 2715 Caesaris
609 2691 753 2715 erectum
767 2689 830 2721 est,
850 2690 882 2714 et

143 2723 185 2755 nd
200 2724 292 2764 qnod
308 2723 459 2764 plurima
472 2726 542 2765 ejus
567 2726 718 2773 imagines
733 2736 882 2767 appensae

142 2773 232 2798 sunt.

95 2836 99 2839 .
186 2809 234 2842 lb.
258 2805 440 2853 {nuptian-
460 2810 670 2852 sepulturam}
694 2812 799 2843 Vocat
811 2813 883 2844 Cae·

141 2854 222 2886 “tis
235 2854 436 2896 sepultarum
459 2855 668 2895 insepultam,
684 2857 761 2896 quia
775 2856 884 2897 quoti·

820 2905 948 2939 (ΔΕΖ

933 1558 982 1589 die
996 1568 1088 1590 novae
1103 1558 1417 1599 quaedamimagines
1427 1558 1561 1592 Caesaris
1575 1568 1666 1592 com-

933 1602 1146 1640 burebantur,
1168 1611 1205 1633 ut
1231 1602 1316 1633 illius
1346 1604 1467 1634 mortui
1492 1612 1529 1636 ac
1554 1604 1673 1645 sepulti

936 1648 1092 1676 memoria
1108 1655 1234 1685 semper
1245 1652 1430 1686 superesset.

976 1690 1028 1719 44.
1066 1688 1103 1719 In
1137 1690 1260 1719 audaces
1295 1686 1520 1731 sceleratosque]
1575 1689 1673 1722 Plebs

933 1731 1068 1763 solidam
1086 1732 1290 1769 columnam,
1307 1733 1388 1763 duce
1403 1735 1546 1770 Amatio,
1570 1736 1671 1775 prope

932 1775 1044 1814 tiginti
1062 1777 1182 1815 pedum
1206 1775 1318 1815 lapidis
1342 1776 1511 1806 Numidici
1535 1777 1568 1807 in
1590 1777 1673 1809 Foro

933 1818 966 1848 in
982 1819 1077 1850 busto
1092 1819 1225 1850 Caesaris
1241 1825 1403 1857 statuerat,
1414 1825 1447 1849 et
1463 1821 1671 1859 inscripserat,

933 1860 1056 1893 Pareuti
1078 1862 1203 1902 patriae,·
1229 1869 1328 1902 atque
1351 1862 1437 1902 apud
1463 1865 1597 1894 eandem
1621 1873 1671 1894 sa-

933 1905 1105 1941 crificabat,
1143 1911 1218 1936 vota
1244 1906 1450 1946 suscipiebat,
1486 1913 1519 1937 et
1540 1914 1671 1938 contro-

932 1949 1048 1978 versias
1058 1948 1227 1988 quasdam,
1242 1949 1427 1989 interposito
1439 1958 1493 1989 per
1507 1949 1671 1982 Caesarem

930 1991 1150 2032 Jurejurando,
1185 1991 1388 2028 distrahebat.
1425 1998 1463 2023 ut
1494 1993 1671 2025 Suetonius

931 2034 1047 2065 scribit.
1074 2035 1166 2064 Hanc
1185 2034 1362 2070 Dolabella,
1379 2035 1561 2067 Consulum
1575 2037 1668 2072 alter,

930 2077 1072 2114 sustulit,
1089 2086 1121 2108 et
1136 2077 1283 2109 homines
1305 2079 1480 2113 seditiosos,
1505 2081 1561 2120 qui
1576 2079 1670 2111 illam

930 2121 1127 2152 excisionem
1157 2120 1291 2152 moleste
1319 2122 1472 2157 ferebant,
1497 2124 1613 2163 partim
1633 2124 1668 2153 in

929 2173 1059 2195 crucem
1074 2165 1150 2204 egit,
1165 2166 1279 2205 partim
1296 2165 1334 2196 de
1349 2174 1424 2196 saxo
1436 2166 1558 2204 dejecit.
1583 2165 1669 2197 Vide

928 2208 1020 2248 epist.
1042 2209 1089 2238 17.
1105 2207 1158 2239 lib.
1181 2208 1229 2239 14.
1245 2208 1285 2239 ad
1301 2210 1373 2239 Att.
1383 2216 1416 2240 et
1431 2211 1523 2250 epist.
1543 2209 1592 2239 14.
1609 2210 1665 2240 lib.

927 2252 955 2281 9.
970 2251 1009 2281 ad
1024 2250 1127 2282 famil.

970 2295 1022 2324 46.
1048 2293 1199 2324 Est-etram-
1212 2291 1376 2336 columma]
1425 2293 1517 2326 Hanc
1528 2295 1666 2327 eandem

926 2337 1116 2368 columnam
1128 2338 1262 2369 bustum
1275 2338 1445 2378 appellavit
1457 2337 1566 2378 supra,
1575 2340 1665 2379 quod

924 2379 1104 2417 Dolabella,
1116 2381 1169 2411 ab
1157 2389 1246 2412 :ente
1260 2379 1380 2422 collega
1394 2383 1549 2420 Antonio,
1567 2382 1601 2413 in
1614 2383 1665 2414 fo-

925 2432 960 2455 ro
969 2424 1090 2454 evertit.

970 2468 1022 2498 47.
1045 2465 1093 2497 Ab
1107 2465 1226 2498 unoillo
1235 2465 1308 2508 dfe-J
1334 2466 1487 2509 intelligit
1497 2467 1582 2499 diem
1594 2476 1665 2510 quo
1693 2500 1696 2505 ,

929 2519 1056 2550 repressi
1067 2510 1209 2542 scelerati
1221 2519 1310 2549 sunt,
1323 2519 1355 2542 et
1366 2511 1520 2542 columna
1531 2511 1665 2551 disjecta

929 2564 960 2585 es
964 2561 975 2584 t
990 2564 1008 2584 a
1024 2551 1202 2584 Dolabella.

967 2599 1018 2628 48.
1043 2596 1216 2636 Edisti-rar]
1244 2597 1404 2628 Antonius
1417 2596 1538 2629 Consul
1550 2597 1662 2636 edixit,

924 2647 962 2671 ut
977 2640 1102 2676 Cicerm
1123 2641 1182 2681 qui
1200 2650 1309 2671 mense
1323 2639 1426 2680 Aprili
1443 2647 1475 2671 et
1488 2639 1576 2672 Maio
1591 2651 1662 2673 rure

926 2684 1028 2714 suerat
1041 2684 1073 2714 in
1090 2683 1173 2714 villis
1188 2685 1264 2720 suis,
1278 2685 1400 2714 adesset
1411 2683 1444 2713 in
1455 2683 1572 2715 Senatu
1588 2684 1660 2717 Kal.

925 2726 1043 2758 Juniis.

969 2771 1022 2800 50.
1041 2766 1351 2810 (“σνιςηΙεηίε,ιίςηηιὶ.]
1376 2769 1502 2801 Hirtius
1517 2775 1550 2801 et
1558 2769 1663 2804 Pansa

926 2812 1082 2843 Consules
1097 2813 1262 2852 designati,
1287 2813 1364 2842 inire
1387 2815 1538 2853 proximo
1552 2823 1664 2847 mense

925 2856 1080 2888 Januario
1095 2856 1311 2887 Consulatum
1322 2855 1487 2888 debebant.

1520 2901 1660 2955 patriae

1686 162 1770 203 389

1180 333 1394 374 Liberatus
1422 329 1543 372 caedis
1582 329 1690 384 peri-
1710 331 1762 370 35
