1872 3135
164 137 219 172 32

599 97 605 103 ⁸
635 134 701 178 M.
730 133 939 177 TULLII
972 100 1293 175 CICERONIS

235 251 356 299 atque
389 242 493 286 avidi
521 242 652 285 laudis
691 241 835 294 fuistis,
873 241 1044 283 delenda
1077 251 1136 283 est
1172 240 1288 283 vobis
1321 240 1621 296 illa³macuia‚
1652 242 1743 286 Mi-

236 300 452 342 thridatico
484 301 589 342 bello
619 299 820 355 superiore
840 299 854 322 b
874 309 1074 354 suscepta,
1106 314 1200 353 quae
1228 298 1388 353 penitus
1410 299 1500 354 jam
1531 307 1545 324 ⁹
1578 300 1743 352 insedit,

238 367 358 414 atque
386 357 618 398 inveteravit
655 353 865 411 idpopuh
907 356 1084 397 Romani
1121 355 1315 397 nomine:
1347 356 1455 412 quod
1486 355 1536 409 is,
1568 357 1638 413 qui
1659 373 1745 400 uno

198 423 220 458 5
240 414 319 466 die,
341 417 426 456 tota
459 414 577 463 Asia,
608 422 668 453 tot
699 412 742 453 in
781 411 1030 463 civitatibus,
1058 427 1143 453 uno
1181 411 1350 464 nuncio,
1381 422 1500 468 atque
1537 415 1622 455 una
1651 414 1756 457 lite-⁷

237 486 371 512 rarum
394 471 688 527 significatione
708 469 814 511 cives
835 471 1012 512 Roman.
1034 469 1238 511 necandos
1257 468 1597 526 trucidandosque
1621 472 1749 514 deno·

240 527 354 580 tavit,
386 536 470 569 non
504 527 630 569 modo
656 527 789 568 adhuc
809 541 977 582 ptenam
1001 524 1155 566 nullam
1177 541 1249 566 suo
1265 524 1432 581 dignam
1453 526 1599 569 scelere
1618 529 1634 553 ‘¹
1653 543 1744 570 sus-

243 585 365 640 cepit,
397 585 462 625 sed
491 584 540 626 ab
574 583 640 625 illo
676 593 857 638 tempore
887 598 1042 625 annum
1079 582 1165 638 jam
1210 581 1374 624 tertium
1421 592 1462 625 et
1502 583 1746 628 vicesimum

242 650 408 697 regnat3
439 641 561 683 etita
589 651 745 698 regnat,
779 649 822 682 ut
853 655 892 681 se
924 655 1008 681 non
1043 641 1190 691 Ponto,
1218 653 1350 696 neque
1379 638 1745 695 Cappadoci-‹erla-

178 710 227 743 ιο
244 698 366 740 tebris
401 700 602 740 occultare
630 698 724 740 velit
737 714 749 751 3
783 698 848 738 sed
869 711 1071 754 emergere
1091 697 1112 736 ὲ
1132 696 1261 752 patrio
1281 711 1421 753 regne,
1441 706 1562 753 atque
1583 697 1626 740 in
1654 692 1746 743 vg-

39 769 214 814 ansagsy
242 754 312 796 tris
333 754 610 814 vectigalibus,
641 756 722 797 hoc
747 765 822 806 est,
855 754 898 795 in
933 754 1048 796 Asiae
1078 753 1169 806 l-uge
1198 754 1358 796 versari.
1417 753 1583 796 Etenim
1613 756 1748 798 adhuc

242 811 300 853 ita
318 812 438 853 vestri
456 828 551 854 cum
567 812 637 854 illo
660 827 750 869 rege
771 812 1065 853 contenderunt
1084 810 1360 865 imperatores,
1380 820 1427 852 ut
1441 810 1491 853 ab
1511 810 1583 853 illo
1613 811 1743 870 insig-

245 868 342 910 niae
361 869 556 920 victoriae,
585 885 670 912 non
692 868 900 910 victoriam
934 866 1190 924 reportarint.
1248 867 1618 923 Triumphavit,L.
1650 870 1747 913 Sul-

244 925 300 978 la,
335 926 600 982 triumphavit
635 928 672 968 L
712 927 905 967 Muraena
925 925 973 966 de
992 923 1249 977 Mithridate,
1270 926 1350 967 duo
1369 924 1577 967 fortissimi
1598 925 1689 980 viri,
1711 937 1752 970 et

182 993 228 1028 15
248 983 398 1024 summi
437 983 724 1039 imperatores:
760 983 825 1023 sed
860 982 916 1023 ita
948 981 1270 1036 triumpharunt,
1306 992 1352 1024 ut
1383 981 1449 1035 ille
1475 982 1615 1038 pulsus
1634 999 1753 1041 supe-

246 1051 435 1097 ratusque
466 1050 662 1097 regnaret.

720 1041 1018 1081 Verumtamen
1050 1038 1129 1079 illis
1157 1038 1467 1093 imperatoribus
1490 1038 1576 1081 laus
1595 1050 1654 1083 est
1674 1051 1749 1083 trt-

248 1096 425 1148 buemia,
458 1099 566 1154 quod
587 1102 811 1154 fegerunt:
844 1096 960 1137 venia
996 1095 1144 1147 danda,
1179 1097 1286 1152 quod
1316 1095 1588 1152 reliquerunt:
1622 1113 1746 1155 prop..

247 1156 356 1195 terea
375 1157 483 1212 quod
517 1154 566 1196 ab
598 1170 645 1196 eo
679 1154 784 1196 bello
814 1153 969 1195 Sullam
999 1152 1041 1194 in
1077 1152 1237 1195 Italiam
1273 1153 1451 1207 Respub.
1509 1154 1755 1199 Muraenam.

248 1212 376 1263 Sulla,
409 1212 622 1253 revocavit.

697 1210 959 1253 Mithridates
997 1219 1130 1252 autem
1163 1225 1287 1251 omne
1334 1209 1536 1267 reliquum
1583 1221 1751 1270 tempus

178 1281 233 1314 20
249 1283 333 1309 non
377 1270 424 1310 ad
471 1268 720 1310 oblivionem
768 1267 910 1310 veteris
941 1266 1050 1319 belli,
1084 1268 1150 1309 sed
1189 1268 1237 1309 ad
1273 1267 1621 1323 comparationem
1655 1270 1753 1313 novi

247 1325 446 1367 contulit:
481 1324 568 1383 qui,
600 1336 865 1382 posteaquam
914 1323 1114 1366 maximas
1164 1324 1419 1375 aedifieasset‚
1455 1325 1756 1385 gornassetque-

246 1382 424 1435 classeis,
460 1382 739 1440 exercitusque
759 1397 1015 1438 permagnos,
1048 1381 1377 1438 quibuscumque
1397 1396 1444 1423 ex
1466 1381 1653 1438 gentibus
1674 1400 1751 1440 po..

244 1438 402 1493 tuisset‚
434 1442 756 1497 hcomparasset,
787 1449 826 1482 et
856 1454 895 1481 se
919 1438 1213 1496 Bosphoranis,
1243 1438 1456 1481 ifinitimis
1476 1438 1574 1493 suis,
1596 1439 1752 1486 bellum

291 1609 516 1658 ²2'gnomz'nioe
544 1609 648 1646 labes.
743 1606 761 1631 b
775 1617 968 1646 contracta.

237 1657 309 1698 ‘de
325 1674 366 1697 eo
384 1661 480 1712 quod
497 1670 648 1711 egerunt.
702 1666 719 1691 Β
739 1663 967 1698 instruxisset.

289 1779 321 1811 3.
338 1779 423 1812 Bello
432 1780 606 1824 superiora]
631 1780 713 1812 Illud
725 1779 846 1812 bellum
858 1778 980 1821 superi-

247 1833 287 1856 us
309 1822 522 1855 instauratum
534 1832 580 1856 est
597 1829 614 1855 a
627 1825 752 1868 Qinto
767 1824 931 1865 Pompeio,
949 1830 982 1853 et

245 1867 351 1899 Lucio
364 1868 449 1909 Sylla
467 1870 553 1899 Coss.
571 1879 646 1899 narn
673 1868 764 1899 initio
790 1867 875 1899 illius
902 1865 980 1898 belli

248 1912 438 1955 QOppffls,
449 1912 513 1943 sive
528 1912 711 1950 Proconsul,
725 1912 788 1943 sive
796 1914 980 1953 Propraetor

247 1954 358 1993 fuerit,
374 1955 406 1986 in
421 1966 533 1987 manus
545 1956 751 1987 Mithridatis
769 1955 869 1997 venit,
887 1954 904 1985 a
917 1965 980 1996 quo

245 1997 281 2030 in
296 1999 424 2030 vincula
443 2000 604 2041 conjectus
630 2008 686 2031 est.
733 2000 883 2042 Ejusdem
895 2000 981 2040 jur-su

248 2042 383 2074 Manius
393 2041 528 2074 Attilius
538 2044 625 2075 asino
637 2043 773 2075 insidens
789 2046 981 2085 Pergamum

248 2086 403 2117 deductus
425 2095 486 2125 est,
507 2087 562 2118 ubi
598 2088 631 2119 in
664 2098 698 2119 os
735 2098 849 2118 aurum
880 2087 982 2128 lique-

248 2129 370 2161 factum
395 2130 520 2163 infundi
542 2142 599 2174 per
629 2142 786 2163 summam
813 2131 982 2162 crudelita-

250 2181 317 2206 tem
331 2174 433 2216 jussit.

295 2222 327 2249 4.
344 2218 410 2249 Utro
425 2219 482 2255 die,
497 2218 572 2261 δεον]
597 2219 807 2250 Mithridates
818 2218 859 2249 ad
874 2229 984 2250 omnes

249 2261 380 2294 urbium
396 2262 483 2293 Asiae
499 2263 665 2304 praefectos
681 2264 787 2294 literas
802 2263 902 2300 dedit,
914 2262 985 2309 qui·

249 2305 308 2337 bus
331 2305 523 2347 imperabat,
548 2315 583 2337 ut
599 2307 764 2349 trigesimo
780 2307 819 2338 ab
846 2305 983 2348 acceptis

249 2349 350 2381 literis
366 2349 428 2383 die.
445 2361 555 2381 omnes
574 2359 643 2381 tum
661 2352 799 2382 Romani
823 2357 892 2381 tum
910 2350 984 2381 Itali

250 2404 323 2425 cum
339 2393 448 2425 liberis
461 2402 492 2425 et
507 2394 656 2425 uxoribus
676 2396 923 2431 trucidaremur,
937 2402 986 2425 at-

249 2448 312 2478 que
327 2437 478 2479 insepulti
493 2437 568 2469 seris
581 2438 846 2480 relinquerentur.
879 2439 986 2469 Tanta

249 2481 312 2513 fuit
323 2489 443 2524 strages
455 2481 551 2520 edita,
561 2490 597 2513 ut
605 2493 670 2513 uno
683 2482 733 2513 die
747 2490 874 2514 centum
891 2482 986 2522 quin-

251 2525 406 2567 quaginta
436 2526 537 2556 millia
563 2525 729 2558 interfecta
756 2526 828 2557 sint.
874 2528 920 2555 De
948 2526 992 2556 iis

250 2569 324 2600 vide
339 2569 530 2611 Appianum
540 2568 570 2600 in
582 2569 665 2601 libro
675 2569 729 2611 qui
741 2569 987 2601 Mithridaticus

250 2611 446 2651 inscribitur,
458 2621 488 2644 et
499 2613 709 2645 Plutarchum
721 2614 754 2644 in
765 2613 833 2645 vita
849 2613 955 2655 Syllre.

297 2658 327 2686 8.
352 2657 575 2700 Annumjam.]
604 2658 728 2689 Totum
743 2657 869 2689 bellum
884 2656 986 2688 Mith-

248 2699 420 2732 xidaticum
444 2712 500 2742 per
519 2711 618 2733 annos
641 2703 681 2731 40
710 2710 837 2744 gestum
860 2708 921 2738 est,
949 2708 985 2732 ut

249 2753 288 2775 ex
306 2743 400 2775 Floro
416 2744 471 2775 lib.
484 2746 513 2775 3.
528 2752 627 2787 patet.

294 2788 344 2818 12.
362 2788 499 2829 Ins-ignia
511 2789 664 2828 victoria]
692 2791 751 2820 Per
766 2787 902 2831 insigria
914 2787 984 2819 vic-

248 2830 342 2863 toriae
357 2831 559 2875 triumphurn
574 2832 740 2876 intelligit,
750 2844 846 2876 quem
857 2831 983 2874 magni·-

1682 1497 1752 1542 in-

1044 1612 1059 1630 c
1077 1606 1291 1644 adhaerescit.
1371 1605 1388 1629 ‘¹
1406 1606 1513 1644 dedit.
1591 1605 1756 1645 ‘decora

1022 1657 1039 1682 ¹⁸
1053 1661 1255 1710 collegisset.
1307 1656 1319 1682 ³
1331 1658 1455 1696 vicinis
1467 1660 1550 1696 svis.

1024 1777 1265 1811 ficentissimum
1279 1777 1369 1810 duxit
1383 1777 1555 1811 Lucullus:
1580 1775 1683 1822 qualis
1696 1788 1753 1811 an—

1025 1826 1076 1854 tea
1089 1822 1194 1854 nullus
1210 1824 1324 1861 Romae
1336 1823 1422 1854 visus
1433 1831 1511 1854 erat.

1070 1868 1119 1897 18.
1143 1867 1255 1897 Sullam
1286 1869 1317 1897 in
1340 1866 1488 1909 Italiam]
1528 1869 1610 1899 Cum
1636 1866 1755 1899 iterum

1026 1910 1140 1941 Romae
1159 1911 1327 1942 seditiones
1347 1910 1366 1942 a
1382 1911 1498 1948 Cinna,
1513 1910 1672 1948 Carbone,
1684 1912 1758 1943 Ser-

1024 1954 1120 1992 torio,
1135 1962 1166 1985 et
1184 1955 1295 1986 Mario
1311 1955 1535 1992 excitarentur,
1556 1954 1714 1997 multique
1737 1955 1756 1986 ὃ

1026 1998 1425 2041 PrimoribusReipublicae
1437 1998 1757 2036 trucidarentur,Sul-

1025 2041 1067 2079 la,
1083 2041 1169 2073 facta
1184 2053 1260 2085 pace
1284 2053 1357 2074 curn
1383 2042 1591 2081 Mithridate,
1616 2044 1755 2074 Romam

1025 2087 1066 2117 ad
1078 2094 1183 2118 motus
1198 2086 1270 2118 illos
1295 2086 1550 2129 comprimendos
1574 2086 1760 2124 revertitur,

1024 2130 1110 2172 jussu
1128 2131 1271 2169 Senatus,
1281 2131 1393 2162 relicto
1413 2131 1576 2168 Muraena,
1588 2139 1625 2162 ut
1635 2129 1759 2172 reliqua

1027 2174 1115 2205 Asiae
1131 2178 1260 2217 negotia
1270 2181 1486 2217 componeret.
1509 2174 1570 2205 Sed
1585 2173 1671 2216 pacis
1682 2184 1758 2205 con-

1028 2218 1165 2250 ditiones
1186 2219 1241 2250 vix
1267 2218 1320 2250 ille
1336 2218 1461 2256 tenuit3
1483 2228 1558 2249 nam
1573 2218 1687 2249 ductus
1700 2217 1758 2249 tri·

1028 2262 1141 2304 umphi
1166 2263 1352 2305 eupiditate,
1379 2262 1487 2293 statim
1527 2261 1612 2293 leves
1647 2269 1775 2297 contra,

1027 2306 1277 2344 Mithridaticos,
1287 2307 1400 2339 deinde
1410 2304 1573 2349 graviores
1584 2305 1760 2347 expeditio-

1028 2361 1083 2381 nes
1095 2351 1241 2393 suscepit.
1267 2350 1354 2382 Sulla
1368 2352 1447 2381 verb
1463 2348 1636 2381 arbitratus
1653 2349 1760 2392 indig-

1029 2404 1107 2425 num
1118 2406 1181 2426 esse
1195 2396 1338 2426 Romana
1351 2393 1413 2426 fide
1423 2403 1486 2439 non
1496 2402 1578 2424 stare
1587 2393 1673 2435 pacis
1684 2404 1761 2424 con-

1030 2438 1217 2478 ditionibus,
1246 2439 1436 2470 Muraenam
1462 2436 1503 2468 ab
1526 2437 1607 2468 Asia
1629 2447 1760 2469 revoca-

1030 2490 1087 2513 vit.

1073 2526 1125 2555 92.
1139 2526 1372 2566 Quibuscumque
1385 2524 1591 2567 exgentibus]
1614 2525 1699 2556 Tam
1711 2524 1760 2556 in-

1031 2576 1160 2611 gentem
1179 2570 1352 2600 exercitum
1364 2581 1401 2601 ex
1417 2567 1565 2600 omnibus
1580 2568 1762 2601 nationibus

1031 2613 1241 2645 Mithridates
1256 2614 1466 2655 comparavit,
1482 2620 1518 2643 ut
1539 2612 1679 2645 Romani
1694 2612 1763 2656 peti

1031 2668 1062 2688 se
1072 2656 1249 2688 arbitrarer]
1254 2665 1322 2696 tur3
1334 2665 1531 2700 persuaserat
1543 2656 1604 2690 sihi
1613 2656 1763 2689 videlicet

1029 2712 1084 2732 rex
1100 2701 1164 2739 ille,
1179 2705 1195 2731 a
1205 2712 1235 2733 se
1246 2703 1409 2733 Romanos
1418 2701 1524 2744 frangi
1538 2700 1674 2744 posse‚si
1685 2710 1762 2732 con·

1028 2752 1079 2776 tra
1093 2756 1148 2776 eos
1167 2745 1271 2777 varios
1298 2757 1336 2778 ex
1364 2745 1460 2778 variis
1484 2745 1630 2790 partibus
1656 2744 1763 2781 hostes

1028 2789 1203 2820 suscitaret.

1070 2831 1549 2876 23.Bosphorania]ssosphorani
1558 2831 1669 2876 populi
1679 2838 1765 2881 sunt?

1708 2886 1763 2919 qul
