1872 3140
89 148 178 188 420
508 162 513 166 -
594 145 658 187 M.
689 143 892 186 TULLII
923 138 1231 188 CICERONIS

99 262 154 299 80
174 266 339 300 testatus
372 269 449 309 est,
478 272 519 299 se
539 259 730 299 aemulum
750 272 932 299 mearum
952 259 1117 301 laudum
1155 259 1364 302 exstitisse.
1419 259 1486 301 Tu
1520 268 1673 309 autem,

168 315 351 356 omnium
371 314 614 364 stultissime,
642 329 725 355 non
746 315 948 369 intelligis,
976 316 1010 356 si
1034 317 1091 366 id,
1121 317 1231 372 quod
1249 331 1316 358 me
1335 318 1482 373 arguis,
1497 316 1671 357 voluisse

166 372 341 413 interfici
362 372 576 419 Caesarem,
606 372 759 412 crimen
788 372 863 420 sit;
893 372 1014 413 etiarn
1043 373 1222 415 laetatum
1251 389 1335 415 esse
1353 378 1484 415 mo'rte
1504 371 1674 415 Caesaris

167 429 321 470 crimen
341 425 458 469 esse?
488 428 586 482 quid
607 427 716 468 enim
742 428 908 469 interest
937 429 1043 470 inter
1068 444 1269 473 suasorem
1288 430 1398 480 facti,
1425 441 1465 472 et
1484 431 1674 485 probato-⁴

166 500 254 526 rem
273 485 289 526 ?
319 495 386 524 aut
407 485 505 538 quid
525 483 648 525 re‘fert
668 482 808 525 utrum
839 486 1036 526 voluerim
1067 488 1174 538 fieri,
1201 501 1252 528 an
1272 488 1466 542 gaudeam
1485 486 1636 528 factum
1654 484 1672 526 ?

97 550 150 587 85
167 543 303 596 ecquis
324 551 382 582 est
415 541 552 596 igitur,
575 551 617 582 te
651 552 834 596 excepto,
867 553 906 583 et
925 543 972 583 iis
992 543 1061 598 qui
1089 543 1204 584 illurn
1236 558 1404 599 regnare
1434 543 1677 598 gaudebant,

167 600 238 653 qui
272 599 372 638 illud
404 609 472 639 aut
505 598 595 639 fieri
614 600 805 648 noluerit,
834 610 902 640 aut
919 599 1073 641 factum
1092 599 1362 655 improbarit?
1392 614 1532 641 omnes
1564 599 1695 642 enim,

165 656 209 696 in
235 653 377 709 culp313
407 655 560 696 etenim
579 670 719 696 omnes
737 656 851 706 boni,
882 667 1078 711 quantum
1105 657 1146 697 in
1166 657 1258 711 ipsis
1277 653 1369 706 fuit,
1390 655 1589 697 Caesarem
1608 670 1679 698 oc-

165 712 376 753 ciderunt:
405 711 489 752 aliis
526 713 752 761 consilium,
784 713 868 753 aliis
910 715 1079 763 animus,
1119 714 1204 755 aliis
1227 714 1380 755 occasio
1413 712 1543 755 defuit
1563 717 1583 762 ;'
1605 724 1679 753 vo-

164 770 297 810 luntas
316 769 485 809 nemini.
543 769 625 810 Sed
655 780 859 823 stuporem
893 770 1084 820 hominis,
1112 771 1176 811 vel
1192 771 1321 811 dicam
1340 770 1520 824 pecudis,
1548 778 1680 810 atten-

98 835 152 871 90
167 826 286 875 dite;
315 826 371 866 sic
410 826 521 866 enim
552 827 683 867 dixit:
725 826 786 866 M.
821 826 1078 876 BRUTUS,
1110 827 1289 882 QUEM
1324 826 1448 868 EGO
1486 824 1680 867 HONO-

169 882 263 924 RIS
301 882 498 924 CAUSA
543 882 801 932 ΝΟΜΙΝΟ,
842 883 1183 925 CRUENTUM
1220 882 1540 925 PUGIONEM
1583 880 1680 923 TE-

169 939 336 987 NENS,
390 939 735 980 CICERONEM
794 939 1211 981 EXCLAMAVIT:
1268 940 1345 981 EX
1407 939 1539 996 QUO
1584 937 1709 992 VIN*

170 995 213 1036 T
218 996 421 1037 ELLIGI
473 995 676 1047 DEBET,
730 996 863 1038 EUM
921 997 1228 1039 CONSCIUM
1290 997 1498 1039 FUISSE.
1571 993 1684 1050 Ergo

169 1068 246 1109 ego
266 1055 478 1095 sceleratus
498 1053 675 1108 appellor
695 1051 718 1095 Ξι
737 1064 795 1105 te,
816 1069 938 1109 quem
958 1066 1002 1096 tu
1023 1056 1264 1110 suspicatum
1283 1054 1437 1109 aliquid
1450 1052 1683 1108 suspicaris:

98 1120 150 1157 95
169 1110 237 1151 ille
257 1110 326 1165 qui
360 1109 376 1130 ²³
397 1111 614 1152 stillantem
652 1125 736 1167 prae
770 1126 811 1152 se
830 1113 1050 1167 pugionem
1080 1113 1189 1163 tulit,
1217 1111 1249 1152 is
1268 1109 1290 1151 a
1309 1122 1350 1153 te
1369 1111 1537 1153 honoris
1561 1107 1682 1152 causa.

167 1168 402 1208 nominatur
420 1165 436 1207 ?

225 1223 301 1265 VI.
336 1223 457 1264 Esto:
486 1225 536 1265 sit
556 1225 598 1265 in
618 1225 748 1266 verbis
767 1226 846 1266 tuis
871 1225 937 1267 hic
957 1235 1124 1281 stupor-3
1155 1222 1309 1281 quanto
1326 1225 1367 1266 in
1387 1226 1505 1267 rebus
1520 1232 1683 1265 senten-

167 1282 314 1336 tiisque
349 1280 499 1333 major:
530 1281 741 1322 Constitue
780 1283 858 1323 hoc
897 1281 1050 1324 Consul
1088 1283 1336 1337 aliquando:
1365 1283 1601 1330 Brutorum,
1629 1278 1680 1320 C.

170 1338 311 1387 Cassii,
333 1338 410 1378 Cn.
430 1337 619 1388 Domitii,
636 1336 688 1379 C.
710 1339 923 1387 Trebonii,
951 1340 1200 1395 reliquorum
1221 1354 1341 1393 quam
1362 1339 1459 1380 velis
1478 1352 1561 1380 esse
1590 1350 1685 1377 cau-

167 1411 251 1436 sam
268 1410 278 1436 :
319 1403 334 1418 ³
349 1395 504 1435 edormi
525 1397 741 1450 crapulam,
761 1395 941 1450 inquam,
971 1406 1011 1436 et
1027 1397 1169 1438 exhala
1186 1412 1195 1437 :
1224 1411 1275 1436 an
1293 1395 1399 1436 faces
1418 1394 1684 1436 admovendae

128 1463 152 1499 5
170 1466 277 1500 sunt,
307 1464 397 1505 quae
429 1461 470 1492 te
502 1453 680 1494 excitent
714 1463 838 1494 tantae
869 1467 994 1493 causae
1022 1451 1367 1495 indormientem?
1397 1464 1682 1506 nunquam-ne¹

168 1509 384 1563 intelligeS,
401 1510 659 1550 statuendum
678 1509 751 1550 tibi
767 1524 866 1559 esse,
880 1507 1019 1550 utrum
1039 1510 1111 1560 illi,
1132 1509 1201 1565 qui
1218 1509 1334 1551 istam
1352 1524 1441 1551 rem
1460 1511 1684 1566 gesserunt,

169 1566 386 1606 homicidae
415 1566 506 1612 sint,
546 1581 598 1607 an
631 1566 809 1607 vindices
839 1565 1067 1608 libertatis?
1116 1567 1300 1619 Attende
1328 1566 1438 1608 enim
1468 1565 1685 1621 paulisper,

171 1622 537 1678 cognationemque
558 1623 678 1664 sobrii
697 1623 874 1664 hominis
894 1623 943 1664 ad
963 1634 1159 1679 punctum
1178 1623 1370 1678 temporis
1389 1623 1570 1678 suscipe·,
1599 1631 1685 1664 ete·

170 1680 258 1720 nim
289 1693 381 1733 ege,
411 1680 481 1733 qui
501 1694 591 1721 sum
624 1680 801 1730 illorum,
831 1690 875 1721 ut
910 1680 993 1735 ipse
1013 1680 1156 1730 fateor,
1184 1679 1405 1730 familiaris,
1432 1691 1479 1723 ut
1498 1681 1523 1720 ὲ
1555 1690 1597 1722 te
1616 1693 1683 1720 ar-

105 1747 156 1783 10
172 1751 288 1792 guor,
318 1737 334 1759 ¹²
353 1737 496 1786 socius,
525 1751 630 1793 nego
653 1738 876 1792 quidquam
897 1752 980 1778 esse
1009 1738 1217 1779 medium:
1256 1738 1454 1780 confiteor
1487 1751 1569 1786 eos,
1602 1735 1681 1777 nisi

170 1794 404 1834 liberatores
432 1794 570 1848 populi
595 1794 787 1844 Romani,
817 1806 1196 1849 conservatoresque
1222 1794 1453 1850 reipublicae
1471 1794 1566 1844 sint,
1594 1793 1685 1847 plus

171 1851 296 1904 quarn
317 1849 492 1899 sicarios,
520 1852 609 1905 plus
628 1849 750 1906 quam
779 1851 1013 1901 homicidas,
1043 1854 1131 1906 plus
1161 1849 1436 1907 etiamssquam
1471 1850 1687 1906 parricidas

172 1921 257 1947 esse
279 1922 287 1947 :
315 1907 513 1961 siquidem
535 1916 594 1948 est
609 1908 779 1949 atrocius
799 1908 937 1963 patriae
957 1921 1180 1963 parentem,
1210 1906 1331 1964 quam
1350 1923 1468 1951 suum
1487 1908 1684 1950 occidere.

171 1962 256 2012 Tu,
285 1963 411 2004 homo
445 1964 600 2017 sapiens
634 1976 673 2006 et
703 1966 966 2015 considerate,
996 1966 1094 2020 quid
1126 1965 1257 2007 dicis?
1286 1965 1317 2007 si
1340 1965 1584 2020 parricidae3
1611 1978 1685 2008 cur

107 2030 158 2068 15
176 2019 342 2062 honoris
362 2017 476 2061 causa
496 2022 519 2059 a
539 2031 581 2063 te
599 2032 707 2073 sunt,
727 2033 767 2065 et
786 2023 829 2063 in
848 2023 927 2063 hoc
947 2023 1104 2074 ordine,
1130 2033 1170 2065 et
1189 2024 1293 2078 apud
1313 2023 1510 2079 populum
1529 2022 1685 2065 Roma-

403 2162 422 2185 ¹¹
437 2174 627 2206 crumtum.
835 2172 851 2188 ⁸
866 2180 1050 2219 concoque.
1259 2167 1277 2191 δ
1293 2170 1463 2209 conscius.

230 2329 282 2361 89.
294 2330 447 2370 stuporem
479 2329 627 2374 hominis]
660 2334 745 2365 'ram
768 2335 913 2376 stupidus
955 2343 1009 2368 tur
1018 2335 1246 2376 metaphorice,
1258 2343 1294 2367 ut
1307 2346 1365 2368 nos
1376 2337 1531 2368 fustibus:
1556 2339 1685 2379 perinde

179 2373 343 2405 Antonius
357 2381 417 2412 est,
427 2381 464 2405 ut
477 2374 584 2406 laudet
599 2376 737 2407 Brutum
748 2385 913 2410 auctorem
957 2380 1051 2421 igitur
1063 2386 1121 2417 est,
1138 2388 1174 2410 ac
1188 2380 1216 2410 si
1231 2378 1358 2417 diceret,
1373 2379 1421 2411 Tu
1430 2380 1482 2411 diu
1490 2381 1688 2424 nimiimzdor—

180 2417 292 2449 mortis
308 2417 451 2455 Caesaris,
463 2424 497 2450 et
511 2419 697 2450 Ciceronem
712 2421 913 2460 probatorem
955 2423 1020 2461 mis,
1034 2422 1142 2463 indiges
1152 2421 1246 2453 baculo
1260 2422 1305 2454 vel
1305 2424 1390 2461 suste
1399 2428 1432 2453 ut
1442 2423 1579 2456 exciteris.

180 2460 348 2500 vituperet.
1000 2467 1048 2496 10.
1068 2465 1143 2497 Esse
1166 2463 1315 2508 medium-J
1353 2466 1444 2497 Nihil
1468 2468 1613 2500 medium
1638 2475 1687 2500 est

224 2502 253 2532 2.
274 2501 404 2546 [basah]
437 2503 601 2545 Quoniam
625 2506 744 2537 Consul
767 2514 832 2538 erat
847 2509 913 2538 An·
957 2509 1147 2548 parricidam
1163 2510 1242 2540 inter
1255 2516 1287 2539 et
1302 2510 1410 2550 patriae
1425 2509 1648 2550 liberatorem„

182 2546 301 2582 tonius,
329 2547 369 2577 ad
394 2556 471 2578 eum
499 2547 675 2587 pertinebat
689 2550 727 2579 de
742 2546 913 2590 Republica*
1001 2553 1049 2582 12.
1064 2549 1218 2594 Sicorim]
1241 2552 1510 2585 Sicariidicuntur
1519 2555 1686 2595 quisicam

177 2589 302 2628 primus
319 2589 370 2620 vel
385 2592 575 2623 sententiam
601 2591 714 2631 dicere,
729 2593 783 2624 vel
799 2603 907 2633 rogare
951 2602 1084 2635 gestant.

177 2629 257 2663 alios
273 2639 308 2662 ut
319 2632 467 2663 dicerent.
994 2638 1043 2668 13.
1061 2637 1199 2669 Αἰνοείω
1210 2638 1315 2677 patrioe
1324 2639 1503 2682 parentem]
1525 2637 1686 2679 {Atrocius

222 2673 253 2723 3..
269 2673 360 2705 Quam
370 2676 438 2706 velis
451 2686 507 2707 esse
515 2674 655 2719 causam]
690 2679 773 2710 Petit
783 2679 824 2710 ab
836 2680 907 2710 An·
948 2688 994 2712 est
1009 2688 1172 2721 parentem
1189 2683 1305 2722 patriae,
1327 2682 1427 2722 quarn
1443 2684 1608 2725 proprium
1631 2693 1688 2724 pa·

179 2721 280 2766 toruo,
299 2725 337 2749 ut
349 2725 467 2750 statuat
487 2720 626 2751 bona—ne
641 2721 682 2752 sit
695 2731 790 2753 causa
804 2731 918 2753 eorum
960 2732 1083 2754 rentem
1099 2725 1287 2755 interficere:
1311 2726 1388 2766 quia
1402 2735 1435 2757 se
1455 2726 1541 2759 laedit
1562 2726 1689 2759 mutum

178 2766 237 2801 qur
253 2762 476 2793 interfecerunt
492 2763 662 2803 Caesarem,
676 2765 726 2796 vel
739 2765 832 2797 mala.
960 2773 992 2797 et
1003 2774 1135 2808 patrem,
1159 2769 1296 2807 quicum
1314 2778 1325 2805 ;
1346 2775 1379 2800 at
1393 2779 1506 2803 omnes
1515 2771 1614 2810 cives,
1628 2770 1688 2812 qui

223 2803 380 2845 4.Faces,]
403 2805 494 2839 Olim
506 2807 642 2842 aemam
652 2808 775 2842 facibus
783 2808 917 2843 uteban-
960 2811 1068 2852 patriae
1081 2816 1244 2851 parentem
1258 2817 1360 2844 necat.
1512 2816 1524 2826 ⁸

1570 2871 1667 2900 num
1671 2884 1686 2909 9
