1872 3140
433 106 670 154 ORATIO
696 104 820 155 PRO
845 105 902 154 Τ»
932 105 1123 149 ANNIO
1152 106 1397 151 MILONE.
1633 138 1637 147 ι
1694 116 1784 156 345

149 223 233 274 sni:
260 238 346 267 non
359 221 470 265 male
493 223 711 279 aliquando
741 223 793 264 de
813 237 879 264 me
899 224 1052 274 meriti,
1080 223 1152 265 sed
1170 238 1331 279 semper
1352 220 1521 278 optime.
1579 223 1688 265 Nul-

152 286 241 331 lum
270 295 468 338 unquam,
488 281 665 331 Judices,
694 281 796 321 mihi
826 291 986 322 tantum
1010 282 1200 322 dolorem
1219 288 1236 309 ⁸
1259 282 1429 323 inuretis
1459 282 1566 336 (etsi,
1598 284 1688 336 quis

145 350 285 397 potest
318 353 403 382 esse
437 338 618 389 tantus?)
651 340 721 379 sed
754 353 806 378 ne
846 341 958 379 hunc
991 340 1161 393 quidem
1196 338 1343 393 ipsum,
1375 349 1419 383 ut
1460 339 1688 389 obliviscar,

119 414 123 417 ·
151 397 295 454 quanti
327 411 394 438 me
425 410 585 450 semper
613 391 934 451 feceritis>quae
969 397 1002 436 si
1034 411 1104 437 vos
1135 397 1240 450 cepit
1269 396 1439 446 oblivio,
1474 407 1542 438 aut
1578 398 1609 438 si
1644 398 1686 438 iu
1705 402 1762 443 80

152 470 222 497 me
250 454 402 510 aliquid
441 453 684 503 offendistis,
723 468 796 494 cur
833 468 918 494 non
953 453 997 493 id
1030 450 1048 472 ¹¹
1085 468 1178 494 meo
1209 455 1344 508 capite
1375 451 1512 509 potius
1547 455 1709 504 luitur„

151 509 281 568 quern
314 509 516 553 Milonis?
574 512 773 552 I’raeclare
809 511 924 550 enirn
956 510 1114 559 vixero,
1143 511 1176 551 si
1213 512 1312 565 quid
1353 512 1456 552 mihi
1495 512 1690 556 acciderit

152 567 283 626 prius,
304 567 429 624 quum
449 570 529 610 hoc
558 578 718 610 tantum
749 568 844 607 mali
873 563 1030 608 vide‘ro.
1088 567 1215 608 Nunc
1247 583 1315 610 me
1351 584 1434 610 una
1462 569 1688 614 consolatio

149 638 367 677 sustentat,
397 623 512 681 quod
541 626 630 675 tibi,
664 621 691 665 ὃ
731 625 781 664 Τ.
817 624 949 672 Anni,
980 625 1140 665 nullum
1171 623 1196 664 Ξι
1230 641 1296 667 me
1332 627 1494 677 amoris,
1525 628 1688 669 nullum

151 685 295 736 studii,
315 685 477 726 nullum
497 683 655 737 pietatis
680 681 864 722 officium
886 680 1029 724 defuit.
1090 682 1178 737 Ego
1199 683 1429 725 inimicitias
1457 685 1688 740 potentium
1705 690 1760 732 85

153 755 229 798 pro
258 751 302 782 te
335 740 536 794 appetivi:
574 754 651 795 ego
683 753 824 780 meum
854 753 960 793 saepe
991 753 1139 793 corpus
1165 751 1208 780 et
1240 742 1367 781 vitam
1402 743 1533 795 objeci
1566 742 1689 783 armis

149 798 414 842 inimicorum
460 808 650 838 tuorum:
699 811 776 851 ego
815 810 884 837 me
923 797 1107 850 plurimis
1146 812 1221 852 pro
1258 809 1302 839 te
1351 801 1574 854 supplicem
1613 800 1689 841 ab-

147 855 258 909 jeci:
284 855 409 906 bona,
441 853 625 895 fortunas
656 869 766 894 meas
797 868 843 894 ac
876 854 1101 895 liberorum
1133 869 1324 896 meorum
1355 857 1400 897 in
1430 858 1690 898 communio-

153 926 252 954 nem
271 921 438 954 tuorum
463 922 697 966 temporum
717 912 892 953 contuli:
921 912 1001 952 hoc
1030 912 1211 967 denique
1239 913 1327 968 ipso
1353 914 1436 964 die,
1464 916 1496 955 si
1522 930 1602 970 qua
1629 915 1688 959 vis

155 981 215 1012 est
249 979 403 1024 parata,
434 969 466 1010 si
499 983 579 1024 qua
612 969 819 1010 dimicatio
848 969 990 1023 capitis
1026 968 1178 1019 futura,
1209 972 1401 1026 deposco.
1461 971 1578 1028 Quid
1602 974 1688 1025 jam
1707 979 1763 1020 90

140 1025 307 1070 restat?
339 1026 439 1082 quid
459 1027 591 1067 habeo
620 1027 732 1081 quod
761 1027 910 1076 dicam,
931 1027 1042 1081 quod
1071 1025 1218 1069 faciam
1247 1044 1321 1083 pro
1343 1029 1421 1070 tuis
1441 1029 1486 1070 in
1515 1045 1582 1071 me
1602 1045 1690 1071 me-

153 1085 258 1135 ritis,
287 1084 363 1126 nisi
396 1094 442 1126 ut
471 1099 561 1126 eam
588 1082 813 1135 fortunam,
843 1098 1100 1139 quaecunque
1130 1087 1208 1126 erit
1236 1097 1322 1137 tua,
1344 1088 1491 1128 ducam
1521 1087 1687 1130 meam?

153 1142 256 1184 Non
282 1157 440 1192 recuso,
469 1156 555 1182 non
582 1143 737 1183 abnuo:
763 1155 916 1197 vosque
937 1143 1120 1192 obsecro,
1141 1143 1316 1194 Judices,
1337 1155 1381 1186 ut
1403 1156 1536 1186 vestra
1564 1146 1689 1186 bene-

147 1200 263 1250 ficia,
291 1215 382 1256 quae
410 1200 453 1241 in
473 1214 541 1240 me
570 1200 812 1250 contulistis,
847 1210 916 1241 aut
950 1200 993 1240 in
1023 1200 1144 1253 hujus
1174 1203 1302 1243 salute
1333 1204 1526 1258 augeatis,
1546 1215 1615 1244 au:
1644 1205 1688 1243 in

155 1257 339 1310 ejusdem
371 1258 498 1300 exitio
520 1272 707 1301 occasura
733 1271 818 1298 esse
848 1258 1029 1299 videatis.
1087 1259 1166 1299 His
1187 1260 1373 1315 lacrymis
1395 1275 1478 1302 non
1499 1272 1688 1302 movetur
1705 1269 1760 1309 95

153 1314 289 1358 Milo:
317 1327 378 1358 est
407 1315 587 1371 quodam
606 1315 836 1356 incredibili
861 1315 1010 1356 robore
1039 1316 1182 1358 animi:
1213 1318 1383 1358 exilium
1411 1319 1468 1359 ibi
1499 1333 1583 1360 esse
1616 1335 1690 1374 pu-

154 1385 230 1423 tat,
249 1374 319 1415 ubi
338 1373 481 1415 virtuti
501 1387 586 1413 non
606 1373 656 1414 sit
675 1373 811 1413 locus:
841 1383 1019 1414 mortem
1038 1385 1194 1415 naturae
1225 1375 1355 1416 finem
1375 1391 1476 1426 esse,
1495 1392 1580 1418 non
1601 1391 1690 1432 poe-

156 1445 269 1473 nam.
327 1430 390 1473 Sit
410 1431 478 1471 hic
507 1429 558 1472 ea
586 1442 741 1478 mente,
762 1427 842 1485 qu&
870 1441 987 1472 natus
1022 1442 1100 1473 est:
1131 1431 1257 1487 quid?
1287 1448 1360 1475 vos
1394 1433 1571 1484 Judices,
1605 1450 1688 1490 quo

155 1489 325 1530 tandem
355 1488 492 1529 animo
526 1486 668 1528 eritis?
709 1488 950 1529 memoriam
980 1489 1151 1530 Milonis
1183 1491 1426 1541 retinebitis,
1455 1493 1588 1547 ipsum
1616 1492 1691 1544 eji-

155 1545 302 1587 cietis?
332 1557 373 1588 et
394 1545 471 1587 erit
491 1544 659 1600 dignior
686 1546 798 1586 locus
827 1546 870 1586 in
891 1546 1010 1587 terris
1029 1547 1150 1597 ullus,
1174 1549 1244 1603 qui
1263 1549 1370 1590 hanc
1398 1550 1593 1592 virtutem
1617 1564 1691 1590 ex·-
1713 1561 1792 1599 100

157 1603 295 1658 cipiat,
314 1602 438 1658 quern
457 1603 526 1644 hic
547 1603 617 1657 qui
645 1601 902 1657 procreavit?
945 1603 1048 1653 Vos,
1075 1620 1146 1645 vos
1176 1607 1351 1660 appello,
1370 1606 1578 1648 fortissimi
1599 1608 1691 1657 viri,

159 1661 231 1716 qui
260 1663 437 1702 multum
457 1674 532 1715 pro
552 1658 760 1714 republic&
786 1662 1040 1716 sanguinem·
1057 1661 1274 1704 effudistis!
1313 1679 1385 1705 vos
1408 1664 1452 1704 in
1479 1664 1555 1706 viri
1582 1677 1622 1706 et
1645 1665 1690 1706 in

158 1718 256 1764 civis
291 1719 430 1764 invicti
471 1718 629 1773 appello
663 1718 860 1773 periculo,
891 1720 1166 1770 centuriones,
1197 1735 1352 1775 vosque
1379 1722 1546 1763 milites:
1575 1724 1690 1764 vobis

158 1788 244 1817 non
270 1773 398 1817 modo
428 1774 758 1831 inspectantibus,
781 1777 852 1816 sed
874 1777 998 1817 etiam
1028 1779 1204 1826 armatis,
1226 1790 1266 1819 et
1288 1779 1383 1819 huic
1408 1779 1563 1831 judicio
1585 1795 1690 1834 prae-

158 1833 400 1886 sidentibus,
421 1835 510 1874 haec
543 1844 655 1874 tanta
685 1834 812 1874 virtus
843 1848 896 1874 ex
923 1831 999 1875 hsc
1020 1835 1121 1876 urbe
1152 1835 1411 1890 expelletur?
1444 1839 1789 1886 extermina-105

154 1889 295 1932 bitur?
335 1888 599 1946 projicietur?
644 1888 672 1930 ὃ
705 1905 771 1931 me
805 1890 1019 1933 miserum!
1051 1889 1077 1932 ὃ
1115 1907 1181 1933 rne
1216 1892 1447 1935 infelicem!
1498 1910 1688 1937 revocare

159 1958 205 1988 tu
227 1963 293 1989 me
314 1949 356 1999 in
377 1949 564 2004 patriam,
586 1947 706 1997 Milo,
727 1949 893 2002 potuisti
914 1963 987 2004 per
1005 1948 1111 1991 hos?
1143 1965 1220 2006 ego
1239 1962 1280 1991 te
1301 1952 1342 1991 in
1364 1950 1493 2006 patri&
1508 1968 1580 2007 per
1601 1968 1690 1994 eos-

157 2006 254 2058 dem
270 2005 448 2047 retinere
466 2019 552 2046 non
567 2004 738 2060 potero?
770 2006 888 2061 Quid
902 2009 1158 2060 respondebo
1178 2009 1314 2050 liberis
1334 2009 1459 2058 meis‚·
1470 2011 1542 2064 qui
1563 2022 1603 2052 te
1619 2027 1689 2066 pa·-

155 2073 317 2105 rentem
329 2065 503 2105 alterum
519 2061 687 2117 putant?
710 2064 808 2118 quid
821 2064 910 2113 tibi,
927 2064 982 2120 Q.
998 2063 1136 2115 frater,
1154 2067 1224 2120 qui
1239 2081 1347 2107 nunc
1365 2068 1473 2116 abes,
1487 2070 1496 2092 ἰ
1509 2069 1688 2110 consorti

156 2135 319 2162 mecum
334 2130 568 2176 temporum
583 2119 775 2161 illorum?
807 2135 874 2161 me
894 2136 981 2164 non
1001 2124 1177 2176 potuisse
1197 2124 1368 2164 Milonis
1389 2126 1559 2166 salutem
1580 2127 1686 2179 tueri
1709 2135 1790 2174 ιω

155 2192 230 2232 per
250 2179 429 2228 eosdem,
456 2193 529 2234 per
556 2193 657 2233 quos
678 2189 858 2219 nostram
879 2179 947 2220 ille
977 2179 1195 2223 servasset?
1226 2193 1266 2223 at
1288 2182 1329 2222 in
1352 2181 1432 2236 quii
1460 2182 1580 2224 causa
1602 2199 1687 2226 non

156 2235 359 2289 potuisse?
390 2251 480 2291 quae
501 2246 559 2277 est
581 2246 694 2289 grata
710 2237 917 2291 gentibus:
951 2235 972 2278 ἲὶ
989 2238 1134 2292 quibus
1152 2254 1236 2280 non
1253 2239 1455 2294 potuisse?
1487 2241 1536 2281 ab
1553 2242 1598 2282 iis
1615 2242 1688 2296 qui

155 2291 334 2334 maxime
347 2293 392 2334 P.
407 2293 543 2334 Clodii
559 2304 692 2334 morte
711 2291 969 2348 acquierunt:
1000 2311 1083 2350 quo
1105 2296 1380 2352 deprecante?
1411 2313 1491 2338 me.
1539 2299 1687 2354 Quod-

155 2363 253 2392 nam
273 2365 349 2406 ego
370 2352 539 2406 concepi
560 2360 720 2392 tantum
746 2351 906 2392 scelus?
937 2362 1005 2393 aut
1035 2355 1147 2408 quod
1177 2355 1223 2394 in
1243 2369 1310 2396 me
1340 2366 1501 2396 tantum
1531 2356 1687 2398 facinus

261 2504 279 2525 ³
294 2497 467 2549 inferetis.
663 2498 680 2522 ²¹
696 2501 775 2539 mcci
791 2507 915 2540 morte.
1115 2502 1124 2525 ⁵
1140 2504 1232 2541 socio
1250 2516 1332 2541 meae
1350 2503 1578 2541 calamitatis.

200 2626 250 2656 81.
267 2623 462 2665 Offendistisq
477 2626 513 2669 Id
526 2634 586 2665 est,
600 2627 720 2669 aliquid
733 2627 898 2660 invenistis
985 2631 1036 2660 86.
1063 2628 1194 2669 Arma]
1219 2631 1331 2660 Cic-ero
1352 2640 1477 2669 semper
1492 2631 1594 2662 adfuit
1617 2632 1683 2662 Mi-

156 2670 351 2700 offenffionis.
942 2673 1006 2703 loni
1024 2674 1056 2704 in
1073 2676 1223 2713 petitione
1239 2673 1447 2710 Consulatus,
1471 2674 1546 2704 licet
1569 2675 1683 2716 saepius

201 2715 251 2746 35.
267 2711 439 2743 Inimicitias
450 2713 637 2757 potentium]
649 2717 756 2746 Tanta
769 2717 828 2747 fuit
844 2716 897 2747 Ci-
942 2715 958 2746 5
973 2717 1086 2747 Clodio
1101 2720 1198 2747 armis
1213 2718 1309 2747 fuerit
1329 2717 1410 2747 Milo
1425 2726 1594 2757 appetitus.

154 2757 279 2787 coronis
291 2757 322 2786 in
336 2756 493 2786 Milonem
502 2759 693 2795 amicitiamn
705 2769 807 2799 neque
820 2759 896 2791 Clo-
984 2763 1035 2790 89.
1066 2760 1263 2799 Ἰὲηιροτηημι
1286 2761 1397 2790 Cicero
1410 2761 1577 2801 significat,
1589 2770 1683 2793 com·

156 2801 254 2836 diani,
272 2809 374 2839 neque
398 2799 582 2840 Pompeius.
599 2802 654 2840 qui
672 2802 814 2834 infensus
830 2810 896 2833 erat
940 2804 1106 2834 municare
1122 2813 1232 2833 secum
1245 2814 1357 2835 omnes
1371 2813 1444 2836 suas
1456 2805 1598 2836 fortunas
1611 2805 1682 2836 Mi·

156 2842 289 2880 Miloni,
315 2844 466 2873 deterrere
488 2853 563 2874 eum
588 2846 748 2882 potuerint
771 2847 811 2878 ab
835 2846 895 2885 huic
940 2847 1048 2878 Ionem
1065 2847 1210 2879 velaz-ze.

154 2886 286 2920 Milonis
303 2887 480 2918 defensione
497 2887 707 2928 suscipiendi.

1525 2935 1681 2987 admisi,
