1872 3135
165 146 219 182 90
631 137 697 182 M.
730 138 937 182 TULLII
969 136 1292 182 CICERONIS

164 261 223 297 30
237 249 399 305 Agonis
427 261 488 292 est
522 251 728 306 quaedam,
752 251 1024 307 Lilybaetana,
1046 250 1188 294 liberta
1207 252 1381 294 Veneris
1400 251 1618 308 Erycinae:
1651 267 1745 310 quae

238 307 387 349 mulier
403 320 495 349 ante
530 309 641 350 huno
664 318 908 364 qtiae>torem
932 309 1096 363 copiosa
1124 309 1244 366 plane
1266 319 1305 351 et
1324 309 1504 366 locuples
1525 307 1616 352 fuit.
1674 311 1746 353 Ab

236 364 317 406 hac
348 364 560 420 praefectus
599 365 768 406 Antonii
804 364 971 421 quidam
1006 366 1323 422 symphoniacos
1357 382 1491 409 servos
1522 367 1749 411 abducebat

240 434 309 478 per
329 421 537 479 injuriam,
561 421 709 478 quibus
730 437 770 463 se
791 422 832 463 in
855 422 978 463 classe
1007 423 1068 464 uti
1101 421 1199 464 velle
1235 423 1394 466 dicebat
1467 425 1576 467 Tum
1598 423 1682 476 illa,
1702 435 1750 468 ut

240 493 332 520 mos
350 478 391 520 in
411 477 551 520 Sicilia
566 488 638 530 est,
660 479 847 520 omnium
864 478 1162 531 Venerem-um,
1184 489 1222 520 et
1239 494 1379 522 eorum
1398 479 1467 538 qui
1490 483 1514 523 ὲ
1530 482 1690 525 Venere
1706 496 1749 523 se

170 547 222 583 35
240 535 525 586 liberaverunt,
561 544 607 576 ut
642 535 836 591 praefecto
872 534 929 576 illi
950 534 1190 591 religionem
1209 536 1396 589 Veneris,
1418 553 1653 596 nomenque
1671 535 1747 581 ob-

231 592 392 649 jiceret,
415 591 536 644 dixit,
558 602 596 633 et
617 607 672 643 se,
696 604 735 634 et
755 593 897 635 omnia
913 609 985 634 sua
999 594 1172 635 Veneris
1185 608 1285 635 esse.
1337 594 1426 636 Ubi
1443 595 1523 636 hoc
1537 594 1749 639 Quaestori

243 649 433 700 Caecilio,
457 649 541 690 viro
562 649 736 704 optimo,
760 660 798 691 et
823 649 984 692 homini
1008 650 1261 707 aequissim0‚
1286 651 1526 692 nunciatum
1556 662 1642 705 est3
1673 668 1748 694 vo-

242 705 322 748 cari
340 706 388 747 ad
410 722 450 748 se
467 707 858 764 Agonidemjubet:
885 707 1090 765 judicium
1111 708 1179 749 dat
1200 707 1353 759 statim,
1386 709 1438 750 SI
1472 709 1749 762 PARERET,

240 776 332 805 eam
366 778 422 815 se,
457 773 496 804 et
531 779 603 806 sua
635 764 807 808 Veneris
839 780 922 806 esse
943 763 1103 807 dixisse.
1164 764 1359 807 Judicant
1379 777 1675 821 recuperatores
1694 764 1752 819 id,

170 833 228 867 40
243 821 351 877 quod
371 836 534 862 necesse
562 831 670 873 erat;
704 837 835 878 neque
865 822 975 863 enim
1007 832 1090 863 erat
1125 822 1319 878 cuiquam
1352 820 1544 875 dubium,
1566 822 1668 881 quin
1687 823 1756 866 illa

241 877 425 919 dixisset.
461 880 542 919 lstc
559 878 598 920 in
620 879 913 934 possessionem
931 879 1132 920 bonorum
1153 879 1333 920 mulieris
1347 879 1496 922 mittit:
1521 880 1650 935 ipsam
1663 881 1752 924 Ve-

239 935 328 977 neri
349 934 393 977 in
427 935 659 977 servitutem
684 937 908 994 adjudicat:
942 936 1086 977 deinde
1103 935 1213 977 bona
1231 936 1384 988 vendit,
1406 937 1624 992 pecuniam
1646 937 1753 980 redi-

240 990 312 1044 git.
374 994 439 1034 Ita
467 993 566 1034 dum
590 1008 719 1048 pauca
738 993 960 1050 mancipia,
983 993 1155 1035 Veneris
1177 992 1362 1044 nomine,
1383 994 1560 1050 Agonis,
1593 1010 1640 1037 ac
1659 995 1753 1038 reli-

242 1049 365 1106 gione
401 1049 570 1091 retinere
591 1050 691 1096 vult,
716 1050 898 1092 fortunas
931 1050 1107 1101 omneis,
1143 1050 1454 1106 libertatemque
1489 1066 1605 1093 suam
1639 1052 1756 1095 istius

171 1120 224 1156 45
243 1106 395 1164 injuria
415 1105 601 1163 perdidit.
661 1107 897 1164 Lilybaeum
919 1109 1065 1149 Verres
1086 1108 1195 1149 venit
1217 1109 1381 1162 postea3
1414 1122 1498 1149 rem
1517 1108 1756 1166 cognoscit:

243 1162 397 1206 factum
432 1164 638 1220 improbat
656 1178 664 1207 τ
699 1165 810 1222 cogit
838 1166 1098 1208 Quaestorem
1133 1180 1253 1205 suum
1291 1165 1526 1219 pecuniam,
1547 1180 1673 1223 quarn
1709 1181 1758 1209 ex

240 1219 448 1320 Aggnidis
488 1221 607 1263 bonis
627 1222 859 1280 redegisset,
895 1237 985 1264 eam
1022 1221 1182 1263 mulieri
1211 1236 1380 1263 omnem
1402 1237 1686 1277 annumerare,
1718 1230 1759 1266 et

241 1280 308 1321 red
341 1293 419 1320 ere.

297 1337 398 1379 XV.
419 1336 496 1378 Est
512 1336 663 1387 adhuc,
687 1335 725 1378 id
747 1337 856 1394 quod
879 1353 950 1378 vos
966 1336 1126 1379 omneis
1144 1335 1331 1379 admirari
1347 1335 1478 1387 video,
1496 1350 1581 1378 non
1594 1336 1759 1389 Verres,

241 1393 310 1434 sed
332 1394 387 1436 Q.
409 1394 606 1445 Mucius3
639 1394 736 1450 quid
760 1395 871 1436 enim
904 1394 1033 1436 facere
1054 1393 1187 1450 potuit
1206 1393 1432 1452 elegantisis
1467 1393 1515 1434 ad
1536 1393 1761 1450 hominum

241 1448 587 1493 existimationem
603 1453 616 1493 ?
643 1450 802 1508 aequisis
819 1451 867 1494 ad
882 1452 1093 1493 levandam
1107 1451 1291 1493 mulieris
1308 1451 1609 1493 calamitatem?
1633 1453 1760 1494 vehe-

240 1506 424 1549 mentifis
440 1508 487 1549 ad
506 1508 736 1552 Quaestoris
750 1508 961 1551 libidinem
981 1510 1251 1550 coercendam
1267 1510 1282 1550 ?
1317 1508 1495 1550 Summe
1514 1508 1605 1549 haec
1620 1509 1764 1552 omnia

174 1577 200 1614 5
243 1563 350 1607 mihi
369 1564 556 1607 videntur
572 1581 658 1607 esse
693 1566 908 1609 laudanda.
943 1566 1021 1608 Sed
1045 1568 1226 1622 repente,
1249 1566 1273 1607 ὲ
1295 1565 1479 1623 vestigio,
1501 1578 1557 1608 ex
1575 1564 1762 1620 homine,

284 1676 337 1704 30.
361 1672 512 1716 Liberem]
537 1672 673 1705 Liberta
698 1672 826 1711 dicitur,
841 1684 913 1716 quae
929 1673 985 1705 de·
1074 1675 1126 1706 37.
1155 1673 1224 1704 Viro
1239 1672 1374 1716 optima]
1386 1673 1521 1706 Ironice.

238 1715 351 1749 functa
371 1725 439 1749 erat
463 1718 641 1749 sacerdotio
658 1718 805 1756 Veneris,
823 1727 854 1749 et
870 1729 902 1748 se
918 1718 986 1760 ejus
1073 1721 1125 1748 38.
1146 1718 1300 1749 Judicium
1322 1718 1374 1748 dat
1395 1717 1525 1760 statim]
1551 1719 1710 1750 Praetores
1731 1722 1763 1750 et

239 1760 398 1803 religione
415 1761 622 1793 liberaverat:
654 1766 687 1792 ut
703 1763 782 1792 enim
797 1762 910 1792 domini
923 1771 984 1791 ser-
1030 1761 1214 1805 Qiaeseores
1230 1761 1262 1792 in
1279 1760 1453 1804 provinciis
1465 1760 1588 1805 judiees
1602 1762 1636 1793 in
1656 1761 1766 1805 priva·

243 1815 308 1843 vos3
331 1805 375 1836 ita
392 1804 436 1836 dii
450 1805 596 1837 homines
607 1804 764 1847 religione
775 1805 835 1837 sibi
849 1805 983 1837 obstric-
1025 1806 1067 1837 tis
1082 1805 1182 1836 causis
1198 1804 1445 1837 constituebant.

244 1855 295 1881 tos
312 1848 484 1880 habebant.
1073 1853 1125 1881 39.
1147 1850 1294 1881 Judicant
1315 1849 1557 1892 recuperatores]
1584 1850 1769 1891 Recupera-

289 1892 336 1925 1b.
350 1892 470 1924 Veneris
486 1893 516 1923 E
519 1892 652 1935 rycinae]
666 1894 753 1934 Eryx
765 1892 855 1926 collis
867 1892 984 1924 Siciliae
1028 1901 1114 1925 tores
1126 1893 1250 1935 judices
1264 1902 1355 1925 erant
1371 1904 1410 1925 ex
1424 1893 1575 1936 Equestri
1589 1901 1645 1926 aut
1658 1891 1769 1925 Publi·

246 1943 294 1968 est
318 1936 468 1975 excelsus,
492 1937 525 1967 in
552 1948 615 1978 quo
642 1938 763 1969 Veneri
793 1949 916 1968 sacrum
938 1946 984 1969 es:
1029 1947 1182 1969 canorum
1193 1937 1314 1969 ordine.
1339 1937 1389 1968 Illi
1401 1936 1769 1980 autemarecuperando

244 1980 438 2023 Templum3
471 1981 527 2012 ubi
556 1980 641 2012 iilius
663 1982 843 2012 ministerio
871 1982 983 2012 dicata:
1028 1990 1267 2024 recuperatores
1281 1981 1359 2013 dicti
1375 1990 1462 2020 sunt,
1483 1982 1569 2023 quod
1583 1991 1642 2024 per
1652 1991 1706 2014 eos
1715 1979 1769 2024 jus

246 2032 318 2057 sunt
333 2024 482 2056 mulieres
493 2024 650 2067 plurimae.
684 2025 770 2058 Vide
784 2025 986 2064 Strabonem,
1028 2037 1120 2058 suum
1133 2027 1264 2068 quisque
1280 2035 1469 2068 recuperare
1484 2033 1599 2068 posset.

245 2069 300 2101 lib.
318 2069 348 2100 6.
360 2068 584 2111 Geographiae.
1071 2073 1122 2101 41.
1151 2071 1191 2101 In
1216 2071 1424 2111 possessionem
1449 2068 1616 2111 bonorum-⁴}
1645 2067 1683 2100 ld
1708 2074 1769 2107 est,

291 2114 341 2144 32.
369 2113 533 2151 Pmsectus
557 2113 704 2155 Antonii]
732 2112 796 2144 Hic
822 2113 985 2145 Antonius
1029 2114 1221 2156 possessione
1260 2114 1419 2146 bonorum
1448 2113 1620 2146 mulierem
1649 2111 1773 2156 privat,

247 2158 384 2188 Curator
396 2155 500 2188 fuerat
513 2167 577 2188 orae
592 2156 763 2189 maritimae
779 2165 853 2188 ante
867 2158 983 2189 Pirati-
1029 2158 1114 2190 illius
1130 2158 1222 2189 alteri
1235 2157 1308 2189 data
1321 2157 1525 2198 possessione.

245 2211 321 2233 cum
344 2200 483 2238 bellum;
507 2201 561 2232 sed
587 2200 672 2232 bello
700 2202 907 2233 Cretensibus
934 2202 983 2233 in·
1073 2201 1322 2245 43.Mancipia.]
1337 2197 1772 2244 Puerossymphoniacosin-

245 2245 343 2283 dicto,
361 2256 395 2276 re
411 2244 494 2276 male
508 2247 607 2286 gesta,
621 2244 792 2277 infeliciter
809 2246 915 2287 periit.
1029 2246 1158 2289 telligit.
1577 2248 1581 2254 '

291 2287 338 2320 Ib.
361 2289 585 2330 Symphoniacos
611 2289 729 2332 servos]
756 2289 985 2331 Symphoniaci
1076 2301 1103 2322 1.
1122 2291 1195 2321 Non
1214 2290 1325 2326 Verres,
1351 2290 1403 2320 sed
1427 2290 1464 2321 Ω.
1489 2287 1638 2332 Muciam]
1653 2288 1774 2325 Verres

249 2331 364 2364 musici
391 2341 475 2370 sunt,
507 2332 562 2374 qui
585 2341 674 2364 erant
700 2333 733 2364 in
757 2333 864 2371 classe,
882 2343 917 2365 ut
935 2333 986 2365 vel
1030 2345 1094 2366 non
1121 2333 1296 2376 provinciae
1321 2332 1453 2371 Praedo3
1476 2332 1530 2364 sed
1554 2331 1687 2364 Mucius
1709 2331 1773 2363 sin*²

248 2375 387 2408 modulis
394 2377 531 2417 remiges
538 2376 724 2413 excitarent,
734 2377 830 2409 velut
840 2388 987 2420 pugnan-
1030 2379 1152 2420 gularis
1167 2378 1218 2409 vir
1233 2377 1403 2420 probitatis
1415 2384 1446 2408 et
1457 2375 1651 2408 innocentiae
1667 2374 1773 2407 factu·

250 2420 335 2452 tibus
349 2420 514 2452 classicum
530 2429 691 2456 canerent,
708 2421 792 2452 unde
817 2422 877 2463 ipsi
901 2422 987 2453 tubae
1031 2430 1095 2454 est:
1113 2433 1231 2453 novem
1243 2431 1366 2452 menses
1380 2420 1434 2453 ille
1451 2419 1573 2452 Consul
1581 2419 1696 2451 Asiam
1705 2426 1774 2450 tam

249 2464 540 2502 classis‚estnomen
548 2464 688 2506 positum
696 2465 880 2496 Classicum.
902 2466 989 2497 Vide
1033 2471 1139 2498 sancte
1158 2465 1408 2502 administravit,
1423 2472 1460 2496 ut
1476 2463 1590 2496 Asiani
1607 2463 1694 2496 diem
1708 2462 1772 2495 fes-

252 2508 410 2540 Budaeum
422 2509 454 2540 in
471 2510 594 2539 Annot.
612 2507 763 2546 pandect.
779 2510 866 2551 Juris
878 2509 974 2540 Civil.
1035 2519 1105 2542 tum
1122 2511 1154 2541 in
1171 2511 1238 2552 ejus
1264 2509 1422 2540 honorem
1445 2506 1655 2546 instituerint,
1675 2515 1776 2551 quem

295 2552 347 2582 34.
358 2553 496 2583 Omnium
502 2552 716 2594 humorum]
726 2553 910 2596 Qiquaevc
919 2564 992 2584 con·
1037 2555 1146 2586 Mucia
1164 2554 1421 2585 nominaverunt.

253 2595 368 2629 secreti
385 2604 476 2626 erant
492 2595 626 2633 Veneri,
641 2596 663 2626 ii
681 2597 821 2627 Venerei
837 2604 869 2627 et
886 2599 992 2629 Vene-
1081 2602 1110 2629 5.
1135 2599 1164 2629 E
1178 2596 1324 2639 vestigia]
1340 2596 1375 2627 Id
1391 2602 1448 2632 est,
1460 2594 1660 2632 brevissime,
1673 2602 1775 2636 quan·

253 2650 317 2671 reae
333 2639 530 2683 digebantur.
576 2639 690 2670 Strabo
707 2641 792 2671 enirn
809 2641 920 2672 scribit
936 2641 992 2673 lib.
1038 2651 1108 2675 tum
1123 2650 1250 2686 tempus
1263 2649 1308 2674 est
1320 2641 1353 2672 in
1371 2651 1436 2672 uno
1451 2639 1588 2683 vestigio
1598 2637 1756 2672 faciendo.

256 2686 375 2724 Geogr.
392 2683 530 2725 6.„quod
545 2694 609 2714 non
622 2682 747 2715 tanthm
764 2684 924 2724 mulieres,
939 2686 997 2722 sed

257 2727 354 2761 etiam
369 2726 430 2759 viri
448 2727 567 2760 Veneri
584 2729 758 2760 consecrati
774 2736 886 2760 essent.

1683 2885 1777 2919 tan·
