1872 3140
695 138 778 182 DE
808 137 1182 187 SENECTUTE.
1705 148 1781 183 523

189 252 416 304 ordinibus,
436 262 506 296 aut
523 254 733 296 vinearum
755 253 1085 309 olivetorumque
1105 250 1238 307 specie
1259 250 1425 292 dicam?
1460 249 1577 292 Brevi
1601 266 1706 307 prae-

187 311 340 352 eidam.
403 311 517 367 Agr-0
538 311 641 354 bene
674 311 785 353 culto
816 310 873 352 nil
909 319 1040 366 potest
1072 324 1159 349 esse
1194 323 1269 349 nec
1304 323 1381 349 usu
1416 307 1597 360 uberius,
1634 325 1708 350 nec

189 367 323 423 specie
344 369 526 409 ornatius
545 385 553 409 :
583 369 632 410 ad
654 384 777 424 quem
800 368 1018 409 fruendum
1054 381 1136 407 nou
1162 366 1287 407 modo
1308 381 1393 406 non
1416 365 1601 416 retardat,
1637 382 1707 407 ve—

187 426 285 466 rum
306 425 429 467 etiarn
459 425 602 467 invitat
637 437 758 482 atque
779 425 938 466 allectat
972 432 1170 465 senectus,
1237 422 1320 464 Ubi
1355 428 1467 463 enim
1491 432 1621 478 potest
1644 423 1711 465 illa
1728 432 1780 465 35

187 490 285 522 aetas
305 493 375 524 aut
410 482 606 524 calescere
641 484 700 524 vcl
730 480 978 538 apricatione
997 479 1164 531 melius,
1187 479 1246 519 vel
1282 479 1393 535 igni3
1427 489 1496 520 aut
1527 479 1708 522 vicissim

187 538 348 580 umbris
383 538 548 595 aquisve
583 538 803 598 reti-igerari
842 538 1076 579 salubrius?
1112 537 1202 578 Sibi
1238 536 1362 592 igitur
1382 537 1557 578 habeant
1578 552 1706 589 arma,

186 593 266 637 sibi
300 611 443 653 equos,
467 595 543 638 sibi
566 597 718 648 hastas,
755 595 830 637 sibi
865 595 1038 645 clavam,
1061 593 1136 635 sibi
1162 593 1302 648 pilam,
1325 593 1400 635 sibi
1423 594 1649 635 natationes
1671 605 1711 637 ct

184 667 350 694 cursus:
381 652 502 694 nobis
540 653 707 695 senibus
743 668 793 695 ex
828 652 1059 694 lusionibus
1089 650 1232 692 multis
1269 651 1371 692 talos
1405 650 1638 707 relinquant
1672 660 1713 694 et

184 718 377 751 tesseras:
411 710 450 752 id
471 709 608 765 ipsum
643 719 783 752 utrum
819 709 1003 761 lubebit3
1037 709 1238 766 quoniam
1271 708 1358 750 sine
1390 707 1456 749 his
1487 709 1604 750 beata
1624 724 1709 752 esse
1726 717 1784 751 40

186 776 375 808 senectus
394 777 542 823 potest.

242 824 390 867 XVII.
427 824 587 866 Multas
622 824 671 866 ad
709 839 768 866 res
803 824 993 879 perutiles
1024 821 1316 879 Xenophontis
1337 821 1429 864 libri
1452 833 1573 875 sunt3
1608 839 1712 881 quos

187 880 322 938 legite,
346 896 504 937 quaeso,
522 882 720 934 studiose,
739 891 782 924 ut
801 881 931 923 facitis
951 898 961 924 z
995 883 1122 938 quam
1144 882 1306 935 copiose
1329 880 1378 922 ab
1399 896 1446 922 eo
1467 881 1715 937 agricultura

186 937 374 979 laudatur
394 938 436 980 in
457 954 505 981 eo
539 940 660 991 libro,
694 939 764 996 qui
786 949 847 981 est
864 939 915 980 de
934 939 1089 980 tuenda
1122 954 1161 980 re
1194 937 1399 989 familiari,
1423 939 1492 995 qui
1515 938 1710 980 Oecono-

186 995 323 1037 micus
362 996 630 1040 inscribitur?
663 1000 804 1053 Atque
839 1006 884 1038 ut
917 995 1170 1052 intelligatis,
1191 996 1294 1037 nihil
1330 995 1471 1036 eitam
1496 996 1624 1052 regale
1649 997 1708 1038 vi-

185 1052 287 1105 deri,
353 1055 452 1095 uam
491 1054 672 1096 studium
708 1054 792 1110 agri
828 1053 1006 1105 colendi,
1039 1056 1226 1095 Socrates
1261 1052 1305 1094 in
1337 1068 1384 1093 eo
1406 1053 1507 1094 libro
1528 1052 1711 1110 loquitur
1757 1062 1780 1096 5

186 1125 286 1152 cum
364 1111 556 1163 ritobulo,
580 1112 742 1167 Cyrum
775 1111 980 1153 minorem
1013 1125 1150 1167 regem
1182 1110 1411 1160 Persarum,
1450 1120 1711 1165 praestantem

183 1165 355 1224 ingenio
389 1178 512 1225 atque
547 1168 707 1224 imperii
743 1167 888 1225 gloria,
921 1171 1021 1210 cum
1057 1169 1270 1225 Lysander
1290 1168 1631 1209 Lacedaemonius
1653 1169 1713 1210 vir

183 1237 364 1266 summae
381 1225 556 1277 virtutis,
575 1225 751 1268 venisset
770 1225 818 1267 ad
841 1240 937 1267 eum
958 1224 1111 1276 Sardis,
1135 1225 1253 1283 eique
1273 1225 1382 1267 dona
1402 1228 1428 1267 a
1447 1225 1568 1266 sociis
1600 1235 1710 1267 attu-

182 1279 322 1333 lisset3
355 1291 395 1324 et
415 1284 572 1325 caeteris
606 1283 649 1325 in
683 1282 803 1324 rebus
836 1298 1001 1325 comem
1022 1297 1116 1340 erga
1137 1284 1397 1340 Lysandrum
1421 1293 1542 1340 atque
1564 1284 1712 1325 huma-

181 1352 288 1381 num
305 1338 446 1392 fuisse,
465 1350 504 1382 et
526 1340 562 1382 ei
580 1341 788 1397 quendam
819 1350 1063 1396 conseptum
1087 1355 1248 1397 agrum,
1267 1340 1481 1397 diligenter
1502 1340 1709 1383 consitum
1734 1350 1786 1384 10

181 1396 434 1439 ostendisse:
467 1399 566 1439 cum
590 1408 728 1440 autem
749 1397 1017 1440 admiraretur
1034 1398 1245 1454 Lysander
1259 1407 1298 1439 et
1319 1398 1576 1453 proceritates
1594 1398 1713 1440 arbo-

186 1467 299 1506 rum,
321 1463 362 1496 et
380 1454 552 1497 directos
573 1456 616 1497 in
637 1455 919 1512 quincuncem
939 1455 1118 1507 ordines,
1151 1464 1191 1497 et
1219 1457 1398 1496 humum
1422 1455 1635 1498 subactam
1654 1470 1713 1498 at—

185 1524 270 1567 que
291 1525 454 1568 puram,
477 1524 517 1555 et
537 1513 778 1555 suavitatem
799 1513 991 1564 odorum,
1013 1513 1085 1570 qui
1105 1511 1339 1554 afflarentur
1359 1514 1380 1553 ἐ
1400 1512 1601 1565 floribus3
1623 1523 1715 1555 tum

184 1567 352 1621 dixisse,
372 1569 511 1612 mirari
533 1585 574 1611 se
605 1586 689 1612 non
711 1570 838 1612 modo
857 1569 1130 1627 diligentiam,
1155 1570 1222 1612 sed
1244 1571 1367 1612 etiam
1387 1570 1595 1612 solertiam
1612 1573 1712 1626 ejus,

181 1625 306 1683 aquo
319 1637 454 1670 essent
472 1627 540 1670 illa
552 1626 739 1670 dimensa
752 1637 872 1684 atque
885 1627 1110 1683 descripta:
1145 1627 1236 1670 etei
1255 1629 1415 1684 Cyrum
1432 1628 1711 1685 respondisse:
1738 1637 1786 1671 15

185 1682 322 1740 Atqui
342 1699 417 1742 ego
441 1683 585 1727 onmia
605 1683 683 1727 ista
699 1701 793 1727 sum
813 1684 1051 1737 dimensus3
1083 1685 1166 1727 mei
1201 1696 1298 1727 sunt
1328 1684 1506 1738 ordines,
1527 1701 1621 1728 mea
1640 1685 1711 1727 de-

184 1739 382 1797 scriptio:
416 1743 562 1784 multae
591 1742 717 1785 etiam
750 1742 923 1785 istarum
960 1743 1154 1785 arborum
1188 1743 1286 1784 mest
1319 1758 1447 1784 manu
1484 1753 1580 1785 sunt
1599 1753 1712 1786 satae.

183 1797 298 1840 Tum
330 1800 596 1856 Lysandrum
631 1800 862 1842 intuentem
893 1800 980 1857 ejus
1002 1815 1225 1857 purpuram
1260 1809 1300 1842 et
1318 1799 1494 1842 nitorem
1518 1800 1714 1856 corporis,

182 1864 460 1914 ornatumque
473 1858 680 1899 Persicum
693 1857 826 1899 multo
840 1872 938 1899 auro
951 1857 1177 1915 multisque
1185 1858 1379 1915 gemmis,
1391 1857 1563 1900 dixisse:
1588 1859 1715 1901 Recte

182 1915 280 1954 vero
314 1924 369 1966 te,
393 1915 517 1971 Cyre,
543 1915 709 1957 beatum
745 1916 897 1967 ferunt,
920 1915 1120 1972 quoniam
1153 1914 1290 1957 virtuti
1323 1925 1405 1957 tuae
1426 1915 1590 1957 fortuna
1609 1931 1711 1957 con-
1734 1926 1789 1960 20

176 1970 329 2027 juncta
359 1982 432 2013 est.
494 1973 594 2014 Hac
614 1972 736 2030 igitur
755 1971 923 2014 fortuna
948 1972 1028 2014 frui
1048 1972 1143 2015 licet
1177 1973 1370 2014 senibus:
1403 1988 1480 2015 nec
1511 1983 1608 2015 aetas
1630 1974 1712 2015 im—

184 2028 313 2083 pedit,
336 2031 421 2085 quo
441 2029 586 2071 minus
606 2039 646 2071 et
667 2039 909 2072 caeterarum
939 2045 1091 2082 rerum,
1124 2040 1165 2072 et
1196 2030 1402 2086 imprimis
1436 2030 1520 2088 agri
1552 2030 1714 2074 colendi

184 2086 322 2127 studia
340 2096 552 2128 teneamus
588 2102 716 2144 usque
747 2088 796 2129 ad
817 2086 1014 2129 ultimum
1037 2097 1199 2143 tempus
1221 2086 1455 2129 senectutis.
1516 2089 1715 2131 Marcum

189 2143 359 2199 quidem
381 2144 596 2187 Valerium
619 2146 805 2188 Corvum
825 2145 1061 2201 'accepimus
1081 2146 1131 2187 ad
1149 2144 1422 2187 centesimum
1442 2161 1599 2187 annum
1619 2161 1711 2201 per-

186 2199 369 2252 duxisse,
405 2205 505 2244 cum
543 2212 647 2244 esset
684 2204 775 2244 acta
813 2203 903 2259 jam
943 2211 1064 2244 aetate
1099 2203 1139 2244 in
1186 2202 1308 2260 agriS,
1349 2217 1501 2260 eosque
1540 2203 1713 2256 coleret;
1735 2216 1785 2248 ‘25

189 2258 308 2314 cujus
338 2259 444 2300 inter
479 2259 660 2315 primum
691 2268 731 2301 et
760 2270 921 2301 sextum
958 2260 1236 2302 Consulatum
1272 2276 1339 2301 sex
1375 2270 1415 2302 et
1449 2261 1718 2318 quadraginta

188 2314 286 2356 anni
310 2314 579 2358 interfuerunt
598 2331 607 2360 ε
641 2317 779 2374 itaque
800 2326 1003 2374 quantum
1027 2318 1204 2374 spatium
1239 2317 1368 2359 aetatis
1389 2321 1564 2375 majores
1585 2320 1714 2361 nostri

189 2372 237 2413 ad
270 2373 490 2414 senectutis·
527 2373 692 2416 initium
713 2390 799 2416 esse
819 2374 1052 2427 volucrunt,
1090 2384 1227 2417 tantus
1263 2374 1319 2416 illi
1341 2391 1483 2416 cursus
1505 2376 1713 2419 honorum

187 2429 268 2470 fuit
285 2446 298 2482 3
348 2439 469 2486 atque
521 2431 606 2487 ejus
656 2441 843 2474 extrema
891 2442 988 2474 aetas
1040 2434 1120 2474 hoc
1170 2432 1341 2485 beatior,
1392 2434 1520 2489 quarn
1559 2434 1712 2485 media,

190 2487 301 2542 quod
340 2486 593 2529 auctoritatis
632 2490 724 2544 plus
774 2488 967 2542 habebat,
1008 2489 1159 2531 laboris
1212 2493 1307 2532 vero
1362 2491 1514 2532 minus.
1591 2493 1712 2545 Apex
1733 2502 1789 2535 3ο

189 2552 327 2585 autem
365 2545 585 2586 senectutis
624 2556 685 2588 est
722 2547 958 2589 auctoritas.
1047 2548 1220 2590 Quanta
1257 2546 1336 2589 fuit
1368 2547 1411 2589 in
1447 2549 1498 2588 L.
1541 2548 1714 2591 Caecilio

188 2600 391 2643 Metello!
441 2613 596 2660 quanta
628 2603 672 2644 in
709 2603 842 2646 Atilio
881 2604 1102 2647 Calatino!
1152 2604 1195 2646 in
1235 2620 1358 2661 quem
1396 2605 1495 2646 illud
1535 2606 1716 2661 elogium

191 2658 392 2701 unicum:
438 2660 638 2714 plurima·
671 2662 931 2703 consentiunt
960 2670 1118 2713 grentes,
1141 2662 1285 2716 populi
1307 2661 1717 2716 Jn-z‘nzarl'zmz*juisse

189 2716 363 2764 virum‚·
400 2727 547 2758 notum
583 2728 643 2760 est
676 2733 843 2760 carmen
883 2719 1063 2761 incisum
1098 2719 1142 2760 iu
1178 2719 1379 2776 sepulcro.
1452 2718 1553 2772 Jure
1591 2719 1714 2777 igitur

189 2772 337 2827 gravis,
380 2774 498 2830 cujus
545 2775 596 2816 (le
647 2775 835 2817 laudibus
881 2776 1075 2818 omnium
1128 2785 1231 2818 esset
1283 2775 1394 2818 fama
1438 2777 1714 2819 consentiens.
1733 2789 1785 2822 35

191 2830 333 2877 Quem
370 2833 504 2874 virum
546 2834 591 2875 P.
630 2834 846 2884 Crassum,
867 2847 999 2888 nuper
1031 2833 1279 2876 Pontificem
1300 2833 1559 2886 Maximum,
1590 2849 1714 2890 quem

1582 2893 1723 2948 postea
