1872 3135
147 131 228 167 152

603 125 671 168 M.
702 124 910 167 TULLII
939 124 1264 169 CICERONIS

150 247 205 282 20
223 235 439 294 perfecisti,
471 247 532 288 ut,
555 240 653 280 curn
675 237 821 292 equitis
841 238 966 279 Rom.
988 252 1094 278 esses
1113 238 1236 290 filius,
1259 242 1424 282 summa
1443 249 1578 284 tamen
1601 250 1614 267 ⁶
1634 257 1725 284 am·

219 293 422 350 plitudine
441 294 589 350 dignus
620 303 829 350 putarere3
862 308 938 334 nec
964 293 1069 335 mihi
1090 310 1272 352 unquam
1296 298 1433 339 minus
1454 298 1496 340 in
1518 301 1576 343 Q.
1600 301 1728 341 Pom-

219 351 312 407 peio
334 366 440 392 novo
473 350 659 400 homine,
696 360 734 391 et
770 348 994 391 fortissimo
1022 350 1125 403 viro,
1164 352 1322 398 virtutis
1362 369 1445 396 esse
1482 355 1615 398 visum
1655 365 1730 408 est,

221 409 348 464 quam
365 409 406 449 in
427 406 596 448 homine
614 405 875 448 nobilissimo
895 407 958 449 M.
982 407 1169 450 AEmitio.
1214 411 1381 453 Etenim
1400 411 1579 468 ejusdem
1601 413 1741 455 animi-

225 475 347 521 atque
367 463 521 520 ingenii
554 472 628 516 est,
669 463 838 518 posteris
869 463 969 516 suis,
1003 465 1112 520 quod
1153 466 1371 521 Pompeius
1396 468 1506 520 fecit,
1533 470 1732 526 amplitu-

155 530 205 566 25
226 522 363 563 dinem
400 519 598 572 nominis,
637 536 761 578 quam
798 536 883 562 non
921 521 1134 576 acceperit,
1171 522 1351 575 tradere3
1384 534 1438 576 et,
1469 536 1514 567 ut
1540 528 1732 578 Scaurus,

225 577 471 620 memoriam
508 580 635 633 prope
671 577 985 619 intermortuam
1029 578 1186 634 generis
1226 579 1304 628 sni,
1345 579 1490 623 virtute
1527 597 1734 626 renovare.

227 636 483 689 Quanquam
502 649 575 691 ego
590 635 681 691 jam
713 635 926 690 putabam,
961 635 1144 686 Jtidices,
1177 636 1319 678 multis
1353 636 1447 679 viris
1479 638 1650 682 fortibus
1685 656 1737 682 ne

225 689 460 748 ignobilitas
495 692 739 747 objiceretur
773 692 947 749 generis,
982 708 1076 734 meo
1109 692 1246 735 labore
1279 709 1363 735 esse
1384 694 1635 750 perfectum:
1667 697 1736 752 qui

226 758 311 789 non
345 748 470 790 modo
510 748 663 801 Curiis,
704 748 952 801 Catonibus,
995 750 1216 804 Pompeiis,
1251 749 1429 807 antiquis
1465 751 1563 804 illis,
1599 751 1737 795 fortis-

156 816 210 851 30
227 805 342 847 simis
380 804 490 856 viris,
519 806 635 847 novis
670 805 928 857 hominibus,
962 806 1029 857 secl
1061 807 1124 848 his
1156 808 1400 860 recentibus,
1421 809 1584 861 Mariis,
1601 821 1639 852 et
1658 809 1740 852 Di-

226 862 319 913 diis,
349 871 389 902 et
424 862 570 905 Coeliis
602 862 977 905 commemorandis
1003 863 1209 920 jacebant.
1271 866 1384 908 Cum
1416 882 1493 914 ερζο
1513 869 1607 910 vero
1627 878 1740 914 tanto

224 918 436 962 intervallo
471 919 645 961 claustra
677 920 754 961 ista
780 919 1008 962 nobilitatis
1047 920 1315 983 refregissem,
1347 933 1391 965 ut
1420 915 1551 966 aEitus
1573 925 1621 966 ad
1642 939 1744 966 con-

227 976 409 1020 sulatum
428 978 613 1032 posthac,
637 976 744 1018 sicut
764 977 871 1033 apud
890 977 1064 1035 majores
1083 989 1244 1020 nostros
1265 979 1356 1031 fuit,
1378 996 1463 1022 non
1497 978 1628 1038 magis
1662 997 1742 1023 no-

226 1034 560 1090 bilitati,‚qua1n
598 1033 752 1087 virtuti,
789 1043 968 1091 pateret:
1001 1050 1087 1077 non
1125 1035 1363 1087 arbitrabar,
1398 1040 1496 1080 cum
1519 1035 1565 1079 e'x
1586 1037 1746 1081 familia

156 1104 210 1139 35
229 1101 360 1134 vetere
390 1100 426 1132 et
460 1091 606 1134 illustri
639 1091 784 1133 consul
821 1091 1053 1149 designatus
1082 1091 1131 1134 ab
1151 1093 1299 1150 equitis
1319 1094 1496 1136 Romani
1517 1094 1617 1147 filio,
1639 1091 1743 1138 con-

231 1148 329 1203 sule,
360 1147 654 1200 defenderetur,
691 1149 740 1190 de
772 1149 929 1205 generis
961 1148 1141 1191 novitate
1172 1160 1425 1193 accusatores
1445 1167 1530 1193 esse
1549 1151 1744 1204 dicturos.
1776 1162 1779 1163 ⁷

230 1205 398 1248 Etenim
422 1205 526 1246 mihi
563 1205 639 1261 ipsi
673 1206 835 1258 accidit,
857 1215 901 1247 ut
921 1221 1016 1247 cum
1040 1206 1200 1248 duobus
1223 1207 1420 1260 patriciis,
1443 1209 1564 1253 altero
1586 1209 1742 1266 impro-

230 1263 405 1305 bissimo
427 1272 546 1319 atque
568 1262 857 1315 audacissimo,
881 1261 1005 1304 altero
1024 1265 1329 1307 modestissimo
1346 1274 1468 1322 atque
1485 1265 1644 1322 optimo
1661 1265 1746 1309 viro

232 1329 435 1377 peterem:
480 1319 663 1375 superavi
702 1329 840 1361 tamen
876 1319 1072 1377 dignitate
1112 1322 1351 1373 Catilinam,
1389 1323 1518 1380 gratia
1553 1324 1749 1366 Galbam.

160 1391 215 1427 40
233 1377 360 1423 Quod
381 1376 413 1420 si
435 1377 473 1419 id
492 1377 648 1421 crimen
670 1378 832 1420 homini
853 1393 959 1420 novo
977 1392 1062 1421 esse
1082 1378 1259 1432 deberet,
1282 1379 1465 1436 profecto
1488 1378 1595 1425 mihi
1615 1378 1747 1438 neque

1569 1437 1745 1497 inimici,

880 1608 896 1626 ⁶
910 1605 1100 1641 consulatu.

279 1794 330 1823 21.
357 1791 392 1822 In
409 1793 522 1824 Quinto
540 1792 699 1832 Pompeia]
741 1793 784 1831 Q.
800 1790 975 1834 Pompeius

233 1845 306 1869 eum
328 1837 367 1867 L.
393 1835 545 1866 Cornelio
569 1835 654 1877 Sylla
668 1834 788 1866 Consul
803 1835 973 1872 fuit,'anno

235 1881 276 1912 ab
292 1879 370 1911 urbe
385 1879 514 1910 condita
530 1880 603 1917 666,
621 1886 652 1909 et
667 1878 768 1910 altero
790 1886 862 1920 pos—t
886 1880 974 1910 Con-

234 1923 375 1956 sulatum
399 1934 490 1961 anno,
506 1923 578 1954 cum
596 1922 710 1954 Italicis
728 1923 827 1964 copiis
841 1922 974 1965 praefec-

234 1975 287 2000 tus
302 1974 392 2003 esset,
407 1967 482 1998 odio
499 1974 531 1997 et
543 1966 660 1997 invidia
676 1966 861 1998 interfectus
874 1974 929 1997 est.

277 2012 328 2041 23.
351 2011 401 2041 M.
417 2010 570 2049 AEmilio.]
595 2010 746 2042 AEmilius
767 2013 903 2041 Scaurus
913 2010 973 2040 hu-

233 2054 303 2086 mili
317 2054 382 2085 vita
408 2062 440 2085 et
469 2065 586 2097 genere
614 2054 652 2086 ad
675 2065 812 2085 summos
836 2054 973 2085 honores

235 2097 337 2130 elatus
353 2105 411 2135 est,
436 2099 473 2129 de
493 2109 556 2140 quo
584 2098 627 2130 ita
656 2098 814 2130 Asconius
843 2097 973 2129 scribit:

235 2141 289 2174 M.
306 2142 434 2174 Scaurus
455 2143 499 2172 ita
519 2143 580 2178 suit
596 2143 753 2180 Patricius,
767 2147 802 2172 ut
817 2142 912 2172 tribus
925 2153 975 2172 su-

230 2186 293 2228 prti
323 2186 459 2216 «tatibus
481 2186 608 2222 jacuerit
633 2184 736 2216 domas
758 2189 818 2225 ejus
832 2188 974 2224 fortuna,

238 2240 309 2260 nam
334 2240 425 2270 neque
443 2234 542 2270 paler,
568 2239 659 2270 neque
680 2240 760 2268 avus,
782 2241 873 2270 neque
888 2231 977 2260 etiam

231 2281 373 2315 proavus,
390 2278 423 2303 ut
436 2278 519 2314 pulo,
532 2278 653 2313 propter
672 2277 774 2304 tenues
785 2282 852 2315 ostes
866 2279 893 2304 el
909 2274 975 2304 mcl-

236 2318 296 2348 lam
318 2318 389 2348 vitae
417 2317 606 2353 industriam,
629 2317 752 2347 honores
774 2318 873 2358 adepti
896 2322 975 2348 sunt.

234 2361 345 2401 Itaque
359 2360 409 2392 M.
425 2361 536 2391 Scauro
561 2359 642 2401 aque‘
667 2370 702 2390 oc
715 2371 789 2391 novo
804 2361 916 2392 homini
930 2361 976 2390 la.

234 2404 396 2435 horandum
417 2405 493 2442 suit.
519 2403 633 2435 Cicero
659 2414 718 2444 pro
747 2405 857 2437 Deiot.
923 2405 976 2436 M.

234 2447 380 2478 Scaurum
393 2449 557 2490 principem
572 2447 703 2478 civitatis
716 2448 853 2488 appellat.

279 2492 328 2522 29.
354 2492 480 2536 Curiis.]
519 2493 570 2523 Μ.
597 2490 714 2522 Curius
742 2492 901 2523 Dentatus
929 2499 977 2523 ter

232 2534 454 2577 triumphavit,
476 2543 500 2566 1.
518 2536 556 2568 de
574 2534 780 2573 Samnitibus,
799 2536 912 2567 deinde
937 2536 974 2567 de

232 2578 369 2617 Sabinis,
382 2582 543 2621 postremo
558 2579 597 2610 de
611 2578 749 2619 Pyrrho.

276 2622 322 2654 Ib.
347 2623 531 2665 Catonibus]
555 2624 608 2654 M.
627 2622 756 2654 Porcius
773 2623 868 2660 Cato,
890 2623 973 2655 refe-

231 2673 324 2698 rente
352 2666 532 2704 Plutarcho,
547 2678 578 2698 se
594 2666 722 2708 quidem
737 2666 900 2698 hominem
912 2678 970 2698 no-

230 2721 316 2747 vum,
334 2719 398 2751 quo
408 2711 447 2741 ad
461 2710 599 2742 honores
615 2717 647 2741 et
662 2709 906 2742 aestimationem
922 2720 970 2742 at-

229 2754 467 2790 tineret‚rebu3
494 2762 600 2786 autem
630 2753 740 2796 gestis,
753 2761 785 2785 et
810 2755 970 2797 majorum

227 2797 360 2834 virtute,
376 2798 602 2840 perantiquum
615 2797 750 2829 dicebat.

1019 1788 1086 1820 mili
1098 1789 1168 1821 loco
1183 1797 1284 1827 natus,
1297 1790 1412 1823 multas
1425 1791 1570 1822 victorias
1584 1790 1705 1829 retulit,
1719 1798 1751 1823 ct

1019 1836 1132 1871 septies
1148 1836 1345 1866 consulatum
1361 1836 1490 1877 adeptus
1506 1843 1553 1866 est

1064 1877 1109 1908 Ib.
1131 1879 1256 1918 Dedit-§.J
1302 1879 1417 1910 Didius
1440 1880 1561 1910 Praetor
1593 1878 1653 1909 suit
1681 1886 1753 1921 post

1019 1921 1228 1960 Cimbricum,
1255 1930 1285 1953 et
1312 1923 1529 1954 Teutonicum
1550 1922 1754 1960 bellum,sub

1018 1975 1082 2007 quo
1098 1965 1258 1997 Tribunus
1271 1966 1412 1999 militum
1426 1967 1582 1998 Sertorius
1598 1966 1670 2000 fuit.
1694 1965 1755 1999 Vi-

1016 2010 1054 2039 de
1070 2008 1152 2040 Plut.
1168 2011 1200 2040 in
1219 2012 1300 2041 Sert.

1061 2054 1113 2084 31.
1139 2055 1163 2084 C
1162 2054 1259 2093 oeliis.]
1285 2055 1325 2085 T.
1338 2053 1448 2085 Livius
1460 2053 1516 2085 lib.
1533 2055 1583 2084 73.
1596 2053 1706 2085 scribit
1720 2052 1753 2084 in

1021 2095 1125 2129 Galli-a
1140 2097 1256 2129 salx-ios
1269 2102 1286 2128 a
1300 2097 1403 2129 Coelio
1416 2097 1516 2129 victos
1526 2109 1600 2130 esse.

1064 2140 1109 2172 lb.
1131 2141 1303 2184 Jacebant.]
1326 2141 1505 2173 Hominum
1521 2151 1632 2173 eorum
1646 2140 1755 2182 Majo-

1019 2195 1068 2215 τες
1083 2186 1120 2215 ad
1131 2185 1321 2223 honore‚=‚et
1337 2184 1548 2218 Consulatum
1563 2195 1627 2216 non
1644 2184 1756 2216 evehe-

1018 2228 1146 2266 bantur,
1163 2229 1277 2271 quibus
1293 2228 1411 2271 posteri
1424 2239 1535 2260 eorum
1547 2229 1643 2271 potiti
1659 2236 1742 2260 sunt,

1064 2272 1110 2305 lb.
1137 2274 1166 2304 T
1164 2278 1233 2304 anto
1249 2272 1430 2311 intervalla]
1456 2273 1577 2304 indicat
1593 2273 1709 2304 Cicero
1723 2283 1756 2305 se

1018 2327 1137 2348 norum
1153 2317 1314 2348 hominem
1327 2316 1465 2358 primum
1478 2324 1549 2359 post
1563 2317 1599 2348 C.
1617 2315 1758 2349 Coelium

1018 2360 1136 2392 factum
1153 2372 1217 2392 esse
1234 2361 1417 2393 Consulem.

1067 2406 1118 2435 32.
1144 2405 1281 2436 Claustra
1306 2403 1489 2443 nobilitatis]
1531 2403 1713 2435 Claustrum
1740 2405 1760 2434 ὲ

1021 2450 1124 2480 claudo
1146 2448 1286 2486 dicitur3
1309 2447 1465 2489 significat
1491 2455 1598 2479 autem
1616 2448 1709 2489 penes
1724 2457 1757 2478 se

1021 2492 1108 2535 quasi
1134 2492 1292 2524 inclusum
1309 2491 1518 2523 Consulatum
1539 2490 1683 2522 habuisse
1698 2500 1759 2521 no—

1019 2537 1111 2572 biles,
1121 2543 1151 2566 et
1165 2546 1237 2566 eum
1249 2536 1365 2572 locum,
1375 2546 1469 2577 quem
1484 2534 1633 2566 nobilitas
1649 2533 1757 2566 firma-

1019 2588 1086 2612 tum
1102 2580 1259 2620 praesidiis
1287 2589 1318 2611 et
1342 2578 1428 2610 omni
1451 2579 1575 2610 ratione
1604 2577 1758 2610 vallatum

1018 2623 1157 2659 tenebat,
1171 2635 1203 2655 se
1217 2625 1327 2656 ducem
1337 2622 1507 2655 rescidisse.

1061 2669 1111 2698 3¹7.
1138 2668 1178 2697 Ut
1194 2679 1258 2698 cum
1274 2667 1388 2698 duobus
1402 2666 1567 2706 Patriciis.]
1587 2666 1673 2698 Cum
1696 2664 1758 2695 Ca-

1014 2711 1106 2744 tilina
1129 2719 1160 2742 ct
1185 2711 1285 2743 Galba
1299 2713 1314 2741 ὲ
1332 2709 1470 2742 Patricio
1486 2720 1616 2752 genere,
1641 2707 1757 2741 Cicero

1014 2754 1229 2788 Consulatum
1245 2755 1381 2798 petebat.

1055 2801 1107 2831 40.
1131 2799 1258 2830 Homini
1273 2799 1371 2840 nova]
1395 2799 1435 2829 Se
1451 2806 1572 2829 novum
1592 2794 1757 2830 hominem

273 2841 326 2873 20.
348 2840 489 2884 Marii-n]
514 2842 642 2876 Marius
668 2841 828 2886 Arpinate
852 2851 890 2875 cx
905 2840 966 2874 hu-
1012 2843 1127 2877 Cicero
1145 2842 1235 2882 dicit,
1256 2843 1333 2885 quia
1355 2853 1393 2874 ex
1416 2842 1482 2884 ejus
1511 2838 1632 2873 familia
1660 2848 1755 2869 nemo

1624 2879 1750 2914 Consul
