<?xml version="1.0" encoding="UTF-8"?>
<!DOCTYPE html PUBLIC "-//W3C//DTD XHTML 1.0 Transitional//EN"
    "http://www.w3.org/TR/xhtml1/DTD/xhtml1-transitional.dtd">
<html xmlns="http://www.w3.org/1999/xhtml" xml:lang="en" lang="en">
 <head>
  <title>
</title>
<meta http-equiv="Content-Type" content="text/html;charset=utf-8" />
  <meta name='ocr-system' content='tesseract 3.04.00' />
  <meta name='ocr-capabilities' content='ocr_page ocr_carea ocr_par ocr_line ocrx_word'/>
</head>
<body>
  <div class='ocr_page' id='page_1' title='image "./orationesquaedam00ciceuoft/orationesquaedam00ciceuoft_0355.png"; bbox 0 0 1872 3140; ppageno 0'>
   <div class='ocr_carea' id='block_1_1' title="bbox 418 111 1719 162">
    <p class='ocr_par' dir='ltr' id='par_1_1' title="bbox 418 111 1719 162">
     <span class='ocr_line' id='line_1_1' title="bbox 418 111 1719 162; baseline -0.007 0"><span class='ocrx_word' id='word_1_1' title='bbox 418 118 643 162; x_wconf 82' lang='lat' dir='ltr'>ORATIO</span> <span class='ocrx_word' id='word_1_2' title='bbox 671 117 791 160; x_wconf 88' lang='lat' dir='ltr'>PRO</span> <span class='ocrx_word' id='word_1_3' title='bbox 819 117 873 159; x_wconf 87' lang='lat' dir='ltr'>T.</span> <span class='ocrx_word' id='word_1_4' title='bbox 905 115 1091 159; x_wconf 83' lang='lat' dir='ltr'>ANNIO</span> <span class='ocrx_word' id='word_1_5' title='bbox 1119 111 1363 159; x_wconf 83' lang='lat' dir='ltr'>MILONE.</span> <span class='ocrx_word' id='word_1_6' title='bbox 1641 116 1719 156; x_wconf 79' lang='lat'>:313</span> 
     </span>
    </p>
   </div>
   <div class='ocr_carea' id='block_1_2' title="bbox 136 223 1726 626">
    <p class='ocr_par' dir='ltr' id='par_1_2' title="bbox 136 223 1651 457">
     <span class='ocr_line' id='line_1_2' title="bbox 136 223 1649 290; baseline -0.006 -14"><span class='ocrx_word' id='word_1_7' title='bbox 136 236 302 290; x_wconf 83' lang='lat' dir='ltr'>quando</span> <span class='ocrx_word' id='word_1_8' title='bbox 320 234 399 275; x_wconf 88' lang='lat' dir='ltr'>ad</span> <span class='ocrx_word' id='word_1_9' title='bbox 390 249 547 276; x_wconf 86' lang='lat' dir='ltr'>causam</span> <span class='ocrx_word' id='word_1_10' title='bbox 568 234 803 288; x_wconf 83' lang='lat' dir='ltr'>crimenque</span> <span class='ocrx_word' id='word_1_11' title='bbox 822 233 1050 281; x_wconf 80' lang='lat' dir='ltr'>veniamus3</span> <span class='ocrx_word' id='word_1_12' title='bbox 1083 231 1113 272; x_wconf 90' lang='lat' dir='ltr'>si</span> <span class='ocrx_word' id='word_1_13' title='bbox 1148 245 1281 285; x_wconf 91' lang='lat' dir='ltr'>neque</span> <span class='ocrx_word' id='word_1_14' title='bbox 1301 228 1431 271; x_wconf 80' lang='lat' dir='ltr'>omnis</span> <span class='ocrx_word' id='word_1_15' title='bbox 1452 223 1649 268; x_wconf 88' lang='lat' dir='ltr'>confessio</span> 
     </span>
     <span class='ocr_line' id='line_1_3' title="bbox 139 285 1650 346; baseline -0.005 -12"><span class='ocrx_word' id='word_1_16' title='bbox 139 293 233 334; x_wconf 82' lang='lat' dir='ltr'>facti</span> <span class='ocrx_word' id='word_1_17' title='bbox 254 301 312 332; x_wconf 88' lang='lat' dir='ltr'>est</span> <span class='ocrx_word' id='word_1_18' title='bbox 331 290 532 339; x_wconf 81' lang='lat' dir='ltr'>inusitata,</span> <span class='ocrx_word' id='word_1_19' title='bbox 563 305 696 346; x_wconf 88' lang='lat' dir='ltr'>neque</span> <span class='ocrx_word' id='word_1_20' title='bbox 716 292 768 331; x_wconf 89' lang='lat' dir='ltr'>de</span> <span class='ocrx_word' id='word_1_21' title='bbox 803 304 919 330; x_wconf 84' lang='lat' dir='ltr'>causa</span> <span class='ocrx_word' id='word_1_22' title='bbox 939 291 1160 343; x_wconf 85' lang='lat' dir='ltr'>quidquam</span> <span class='ocrx_word' id='word_1_23' title='bbox 1180 285 1317 328; x_wconf 86' lang='lat' dir='ltr'>nostra</span> <span class='ocrx_word' id='word_1_24' title='bbox 1348 287 1476 334; x_wconf 81' lang='lat' dir='ltr'>aliter,</span> <span class='ocrx_word' id='word_1_25' title='bbox 1511 300 1556 325; x_wconf 87' lang='lat' dir='ltr'>ac</span> <span class='ocrx_word' id='word_1_26' title='bbox 1576 298 1650 326; x_wconf 88' lang='lat' dir='ltr'>nos</span> 
     </span>
     <span class='ocr_line' id='line_1_4' title="bbox 139 340 1651 412; baseline -0.005 -23"><span class='ocrx_word' id='word_1_27' title='bbox 139 346 381 397; x_wconf 72' lang='lat' dir='ltr'>vellemus,</span> <span class='ocrx_word' id='word_1_28' title='bbox 367 363 389 389; x_wconf 94' lang='lat' dir='ltr'>a</span> <span class='ocrx_word' id='word_1_29' title='bbox 409 348 560 389; x_wconf 82' lang='lat' dir='ltr'><strong>Senatu</strong></span> <span class='ocrx_word' id='word_1_30' title='bbox 575 348 799 412; x_wconf 80' lang='lat' dir='ltr'>judicatum</span> <span class='ocrx_word' id='word_1_31' title='bbox 822 358 906 396; x_wconf 81' lang='lat' dir='ltr'>est3</span> <span class='ocrx_word' id='word_1_32' title='bbox 936 358 978 387; x_wconf 90' lang='lat' dir='ltr'>et</span> <span class='ocrx_word' id='word_1_33' title='bbox 1016 348 1118 387; x_wconf 86' lang='lat' dir='ltr'>lator</span> <span class='ocrx_word' id='word_1_34' title='bbox 1157 345 1240 400; x_wconf 86' lang='lat' dir='ltr'>ipse</span> <span class='ocrx_word' id='word_1_35' title='bbox 1272 344 1387 400; x_wconf 84' lang='lat' dir='ltr'>legis,</span> <span class='ocrx_word' id='word_1_36' title='bbox 1421 340 1517 384; x_wconf 74' lang='lat' dir='ltr'>cum</span> <span class='ocrx_word' id='word_1_37' title='bbox 1549 351 1651 382; x_wconf 89' lang='lat' dir='ltr'>esset</span> 
     </span>
     <span class='ocr_line' id='line_1_5' title="bbox 140 399 1652 468; baseline -0.005 -22"><span class='ocrx_word' id='word_1_38' title='bbox 140 407 411 446; x_wconf 82' lang='lat' dir='ltr'>controversia</span> <span class='ocrx_word' id='word_1_39' title='bbox 431 407 562 445; x_wconf 85' lang='lat' dir='ltr'>nulla</span> <span class='ocrx_word' id='word_1_40' title='bbox 572 405 683 454; x_wconf 84' lang='lat' dir='ltr'>facti,</span> <span class='ocrx_word' id='word_1_41' title='bbox 713 405 813 457; x_wconf 89' lang='lat' dir='ltr'>juris</span> <span class='ocrx_word' id='word_1_42' title='bbox 847 416 983 445; x_wconf 87' lang='lat' dir='ltr'>tamen</span> <span class='ocrx_word' id='word_1_43' title='bbox 1019 403 1350 468; x_wconf 82' lang='lat' dir='ltr'>disceptationem</span> <span class='ocrx_word' id='word_1_44' title='bbox 1382 415 1465 441; x_wconf 87' lang='lat' dir='ltr'>esse</span> <span class='ocrx_word' id='word_1_45' title='bbox 1499 399 1652 439; x_wconf 89' lang='lat' dir='ltr'>voluit.</span> 
     </span>
    </p>

    <p class='ocr_par' dir='ltr' id='par_1_3' title="bbox 137 454 1726 626">
     <span class='ocr_line' id='line_1_6' title="bbox 140 454 1726 517; baseline -0.004 -15"><span class='ocrx_word' id='word_1_46' title='bbox 140 472 180 503; x_wconf 87' lang='lat' dir='ltr'>et</span> <span class='ocrx_word' id='word_1_47' title='bbox 200 463 316 503; x_wconf 88' lang='lat' dir='ltr'>electi</span> <span class='ocrx_word' id='word_1_48' title='bbox 330 463 531 514; x_wconf 88' lang='lat' dir='ltr'>judices,</span> <span class='ocrx_word' id='word_1_49' title='bbox 522 477 635 516; x_wconf 79' lang='lat' dir='ltr'>isque</span> <span class='ocrx_word' id='word_1_50' title='bbox 668 462 902 517; x_wconf 78' lang='lat' dir='ltr'>praepositus</span> <span class='ocrx_word' id='word_1_51' title='bbox 924 460 1151 516; x_wconf 54' lang='lat' dir='ltr'>quaestioni,</span> <span class='ocrx_word' id='word_1_52' title='bbox 1173 460 1242 513; x_wconf 92' lang='lat' dir='ltr'>qui</span> <span class='ocrx_word' id='word_1_53' title='bbox 1271 460 1357 499; x_wconf 82' lang='lat' dir='ltr'>haec</span> <span class='ocrx_word' id='word_1_54' title='bbox 1373 454 1478 511; x_wconf 69' lang='lat' dir='ltr'>juste</span> <span class='ocrx_word' id='word_1_55' title='bbox 1497 457 1652 510; x_wconf 86' lang='lat' dir='ltr'>sapien·</span> <span class='ocrx_word' id='word_1_56' title='bbox 1673 460 1726 498; x_wconf 87' lang='grc'>90</span> 
     </span>
     <span class='ocr_line' id='line_1_7' title="bbox 139 515 1656 584; baseline -0.004 -25"><span class='ocrx_word' id='word_1_57' title='bbox 139 529 283 574; x_wconf 85' lang='lat' dir='ltr'>terque</span> <span class='ocrx_word' id='word_1_58' title='bbox 302 519 522 574; x_wconf 82' lang='lat' dir='ltr'>disceptet:</span> <span class='ocrx_word' id='word_1_59' title='bbox 551 518 753 584; x_wconf 79' lang='lat' dir='ltr'>reliquum</span> <span class='ocrx_word' id='word_1_60' title='bbox 774 530 848 567; x_wconf 89' lang='lat' dir='ltr'>est,</span> <span class='ocrx_word' id='word_1_61' title='bbox 869 518 1043 566; x_wconf 82' lang='lat' dir='ltr'>Judices,</span> <span class='ocrx_word' id='word_1_62' title='bbox 1076 528 1120 558; x_wconf 89' lang='lat' dir='ltr'>ut</span> <span class='ocrx_word' id='word_1_63' title='bbox 1150 517 1252 556; x_wconf 86' lang='lat' dir='ltr'>nihil</span> <span class='ocrx_word' id='word_1_64' title='bbox 1282 516 1367 569; x_wconf 86' lang='lat' dir='ltr'>jam</span> <span class='ocrx_word' id='word_1_65' title='bbox 1400 515 1508 555; x_wconf 85' lang='lat' dir='ltr'>aliud</span> <span class='ocrx_word' id='word_1_66' title='bbox 1543 527 1656 567; x_wconf 83' lang='lat' dir='ltr'>quae·</span> 
     </span>
     <span class='ocr_line' id='line_1_8' title="bbox 137 567 1657 626; baseline -0.004 -10"><span class='ocrx_word' id='word_1_67' title='bbox 137 590 227 617; x_wconf 90' lang='lat' dir='ltr'>rere</span> <span class='ocrx_word' id='word_1_68' title='bbox 248 577 441 626; x_wconf 77' lang='lat' dir='ltr'>debeatis,</span> <span class='ocrx_word' id='word_1_69' title='bbox 461 577 535 617; x_wconf 90' lang='lat' dir='ltr'>nisi</span> <span class='ocrx_word' id='word_1_70' title='bbox 556 587 646 617; x_wconf 86' lang='lat' dir='ltr'>uter</span> <span class='ocrx_word' id='word_1_71' title='bbox 665 577 746 616; x_wconf 90' lang='lat' dir='ltr'>utri</span> <span class='ocrx_word' id='word_1_72' title='bbox 776 576 937 616; x_wconf 84' lang='lat' dir='ltr'>insidias</span> <span class='ocrx_word' id='word_1_73' title='bbox 957 574 1123 622; x_wconf 80' lang='lat' dir='ltr'>fecerit3</span> <span class='ocrx_word' id='word_1_74' title='bbox 1155 573 1265 626; x_wconf 87' lang='lat' dir='ltr'>quod</span> <span class='ocrx_word' id='word_1_75' title='bbox 1286 570 1368 626; x_wconf 73' lang='lat' dir='ltr'>quo</span> <span class='ocrx_word' id='word_1_76' title='bbox 1404 567 1559 611; x_wconf 87' lang='lat' dir='ltr'>facilius</span> <span class='ocrx_word' id='word_1_77' title='bbox 1593 585 1657 610; x_wconf 86' lang='lat' dir='ltr'>ar-</span> 
     </span>
    </p>
   </div>
   <div class='ocr_carea' id='block_1_3' title="bbox 137 629 1658 749">
    <p class='ocr_par' dir='ltr' id='par_1_4' title="bbox 137 629 1658 749">
     <span class='ocr_line' id='line_1_9' title="bbox 137 629 1658 689; baseline -0.004 -15"><span class='ocrx_word' id='word_1_78' title='bbox 137 634 342 688; x_wconf 85' lang='lat' dir='ltr'>gumentis</span> <span class='ocrx_word' id='word_1_79' title='bbox 362 635 587 689; x_wconf 81' lang='lat' dir='ltr'>perspicere</span> <span class='ocrx_word' id='word_1_80' title='bbox 607 633 778 687; x_wconf 86' lang='lat' dir='ltr'>possitis,</span> <span class='ocrx_word' id='word_1_81' title='bbox 810 646 897 672; x_wconf 89' lang='lat' dir='ltr'>rem</span> <span class='ocrx_word' id='word_1_82' title='bbox 925 642 1078 687; x_wconf 83' lang='lat' dir='ltr'>gestam</span> <span class='ocrx_word' id='word_1_83' title='bbox 1105 629 1222 671; x_wconf 85' lang='lat' dir='ltr'>vobis</span> <span class='ocrx_word' id='word_1_84' title='bbox 1255 630 1354 670; x_wconf 85' lang='lat' dir='ltr'>dum</span> <span class='ocrx_word' id='word_1_85' title='bbox 1386 629 1562 670; x_wconf 83' lang='lat' dir='ltr'>breviter</span> <span class='ocrx_word' id='word_1_86' title='bbox 1583 641 1658 669; x_wconf 82' lang='lat' dir='ltr'>ex·-</span> 
     </span>
     <span class='ocr_line' id='line_1_10' title="bbox 139 689 889 749; baseline -0.003 -17"><span class='ocrx_word' id='word_1_87' title='bbox 139 705 264 745; x_wconf 86' lang='lat' dir='ltr'>pono‚</span> <span class='ocrx_word' id='word_1_88' title='bbox 285 705 422 746; x_wconf 85' lang='lat' dir='ltr'>quaeso</span> <span class='ocrx_word' id='word_1_89' title='bbox 441 691 658 749; x_wconf 81' lang='lat' dir='ltr'>diligenter</span> <span class='ocrx_word' id='word_1_90' title='bbox 678 689 889 730; x_wconf 80' lang='lat' dir='ltr'>attendite.</span> 
     </span>
    </p>
   </div>
   <div class='ocr_carea' id='block_1_4' title="bbox 141 855 1661 1074">
    <p class='ocr_par' dir='ltr' id='par_1_5' title="bbox 141 855 1661 1074">
     <span class='ocr_line' id='line_1_11' title="bbox 172 855 1660 902; baseline -0.002 -11"><span class='ocrx_word' id='word_1_91' title='bbox 172 862 224 892; x_wconf 80' lang='lat'>86.</span> <span class='ocrx_word' id='word_1_92' title='bbox 236 860 645 902; x_wconf 58' lang='lat' dir='ltr'>Sineqiceomniscorisessio.</span> <span class='ocrx_word' id='word_1_93' title='bbox 651 861 817 900; x_wconf 83' lang='lat' dir='ltr'>]Breviter</span> <span class='ocrx_word' id='word_1_94' title='bbox 831 869 877 890; x_wconf 85' lang='lat' dir='ltr'>re·</span> <span class='ocrx_word' id='word_1_95' title='bbox 921 858 1056 890; x_wconf 82' lang='lat' dir='ltr'>Clodius</span> <span class='ocrx_word' id='word_1_96' title='bbox 1079 859 1206 889; x_wconf 90' lang='lat' dir='ltr'>occisus</span> <span class='ocrx_word' id='word_1_97' title='bbox 1234 864 1294 895; x_wconf 84' lang='lat' dir='ltr'>est,</span> <span class='ocrx_word' id='word_1_98' title='bbox 1323 858 1481 889; x_wconf 87' lang='lat' dir='ltr'>Senatum</span> <span class='ocrx_word' id='word_1_99' title='bbox 1500 855 1660 896; x_wconf 71' lang='lat' dir='ltr'>judicasse</span> 
     </span>
     <span class='ocr_line' id='line_1_12' title="bbox 141 900 1661 946; baseline -0.003 -11"><span class='ocrx_word' id='word_1_100' title='bbox 141 906 220 946; x_wconf 84' lang='lat' dir='ltr'>petit</span> <span class='ocrx_word' id='word_1_101' title='bbox 233 905 582 944; x_wconf 78' lang='lat' dir='ltr'>Cicer0‚quaecunque</span> <span class='ocrx_word' id='word_1_102' title='bbox 577 903 678 935; x_wconf 83' lang='lat' dir='ltr'>mista</span> <span class='ocrx_word' id='word_1_103' title='bbox 690 905 878 935; x_wconf 79' lang='lat' dir='ltr'>refutatione</span> <span class='ocrx_word' id='word_1_104' title='bbox 922 909 1033 933; x_wconf 85' lang='lat' dir='ltr'>contra</span> <span class='ocrx_word' id='word_1_105' title='bbox 1050 903 1211 941; x_wconf 80' lang='lat' dir='ltr'>Rempub.</span> <span class='ocrx_word' id='word_1_106' title='bbox 1235 900 1398 938; x_wconf 72' lang='lat' dir='ltr'>Tertium,</span> <span class='ocrx_word' id='word_1_107' title='bbox 1411 902 1548 932; x_wconf 72' lang='lat' dir='ltr'>voluisse</span> <span class='ocrx_word' id='word_1_108' title='bbox 1565 902 1661 931; x_wconf 88' lang='lat' dir='ltr'>Pom-</span> 
     </span>
     <span class='ocr_line' id='line_1_13' title="bbox 141 945 1545 989; baseline -0.002 -11"><span class='ocrx_word' id='word_1_109' title='bbox 141 947 397 989; x_wconf 65' lang='lat' dir='ltr'>praejudiciorum</span> <span class='ocrx_word' id='word_1_110' title='bbox 422 948 502 978; x_wconf 86' lang='lat' dir='ltr'>dicta</span> <span class='ocrx_word' id='word_1_111' title='bbox 520 956 607 983; x_wconf 87' lang='lat' dir='ltr'>sunt,</span> <span class='ocrx_word' id='word_1_112' title='bbox 625 946 767 987; x_wconf 72' lang='lat' dir='ltr'>primum</span> <span class='ocrx_word' id='word_1_113' title='bbox 793 947 879 986; x_wconf 88' lang='lat' dir='ltr'>quod</span> <span class='ocrx_word' id='word_1_114' title='bbox 924 947 1047 986; x_wconf 87' lang='lat' dir='ltr'>peium,</span> <span class='ocrx_word' id='word_1_115' title='bbox 1062 952 1098 976; x_wconf 92' lang='lat' dir='ltr'>ut</span> <span class='ocrx_word' id='word_1_116' title='bbox 1118 945 1219 975; x_wconf 80' lang='lat' dir='ltr'>Milo&#39;</span> <span class='ocrx_word' id='word_1_117' title='bbox 1209 955 1263 984; x_wconf 85' lang='lat' dir='ltr'>Jus</span> <span class='ocrx_word' id='word_1_118' title='bbox 1279 954 1376 975; x_wconf 85' lang='lat' dir='ltr'>suum</span> <span class='ocrx_word' id='word_1_119' title='bbox 1394 952 1545 975; x_wconf 87' lang='lat' dir='ltr'>tueretur.</span> 
     </span>
     <span class='ocr_line' id='line_1_14' title="bbox 141 987 1660 1033; baseline -0.001 -12"><span class='ocrx_word' id='word_1_120' title='bbox 141 991 304 1022; x_wconf 62' lang='lat' dir='ltr'>adversarii</span> <span class='ocrx_word' id='word_1_121' title='bbox 320 990 482 1033; x_wconf 83' lang='lat' dir='ltr'>jactabant</span> <span class='ocrx_word' id='word_1_122' title='bbox 508 992 554 1021; x_wconf 84' lang='lat' dir='ltr'>fas</span> <span class='ocrx_word' id='word_1_123' title='bbox 584 1001 649 1022; x_wconf 90' lang='lat' dir='ltr'>non</span> <span class='ocrx_word' id='word_1_124' title='bbox 673 992 701 1021; x_wconf 87' lang='lat' dir='ltr'>ei</span> <span class='ocrx_word' id='word_1_125' title='bbox 718 991 877 1022; x_wconf 83' lang='lat' dir='ltr'>essetueri</span> <span class='ocrx_word' id='word_1_126' title='bbox 965 991 1016 1019; x_wconf 74' lang='lat'>90.</span> <span class='ocrx_word' id='word_1_127' title='bbox 1055 989 1238 1030; x_wconf 66' lang='lat' dir='ltr'>Prmpositus</span> <span class='ocrx_word' id='word_1_128' title='bbox 1266 987 1450 1029; x_wconf 78' lang='lat' dir='ltr'>quoeslioni.]</span> <span class='ocrx_word' id='word_1_129' title='bbox 1492 988 1660 1020; x_wconf 83' lang='lat' dir='ltr'>Domitius</span> 
     </span>
     <span class='ocr_line' id='line_1_15' title="bbox 141 1031 1257 1074; baseline -0.003 -9"><span class='ocrx_word' id='word_1_130' title='bbox 141 1032 263 1073; x_wconf 83' lang='lat' dir='ltr'>lucem,</span> <span class='ocrx_word' id='word_1_131' title='bbox 293 1035 355 1065; x_wconf 67' lang='grc' dir='ltr'>διε.</span> <span class='ocrx_word' id='word_1_132' title='bbox 383 1032 579 1073; x_wconf 76' lang='lat' dir='ltr'>Secundum,</span> <span class='ocrx_word' id='word_1_133' title='bbox 606 1035 738 1072; x_wconf 70' lang='lat' dir='ltr'>caedem,</span> <span class='ocrx_word' id='word_1_134' title='bbox 760 1035 792 1066; x_wconf 92' lang='lat' dir='ltr'>in</span> <span class='ocrx_word' id='word_1_135' title='bbox 817 1031 879 1074; x_wconf 67' lang='lat' dir='ltr'>qui</span> <span class='ocrx_word' id='word_1_136' title='bbox 925 1033 1076 1073; x_wconf 86' lang='lat' dir='ltr'>quaesitor</span> <span class='ocrx_word' id='word_1_137' title='bbox 1091 1033 1184 1064; x_wconf 83' lang='lat' dir='ltr'>datus</span> <span class='ocrx_word' id='word_1_138' title='bbox 1199 1039 1257 1063; x_wconf 79' lang='lat' dir='ltr'>est.</span> 
     </span>
    </p>
   </div>
   <div class='ocr_carea' id='block_1_5' title="bbox 735 1204 1070 1247">
    <p class='ocr_par' dir='ltr' id='par_1_6' title="bbox 735 1204 1070 1247">
     <span class='ocr_line' id='line_1_16' title="bbox 735 1204 1070 1247; baseline 0.003 -1"><span class='ocrx_word' id='word_1_139' title='bbox 735 1204 1070 1247; x_wconf 85' lang='lat' dir='ltr'>NARRATIO.</span> 
     </span>
    </p>
   </div>
   <div class='ocr_carea' id='block_1_6' title="bbox 146 1334 872 1440">
    <p class='ocr_par' dir='ltr' id='par_1_7' title="bbox 146 1334 872 1440">
     <span class='ocr_line' id='line_1_17' title="bbox 196 1334 872 1387; baseline -0.003 -14"><span class='ocrx_word' id='word_1_140' title='bbox 196 1335 289 1373; x_wconf 81' lang='lat' dir='ltr'>Tria</span> <span class='ocrx_word' id='word_1_141' title='bbox 303 1340 420 1387; x_wconf 77' lang='lat' dir='ltr'>capita</span> <span class='ocrx_word' id='word_1_142' title='bbox 438 1335 592 1374; x_wconf 75' lang='lat' dir='ltr'>continet</span> <span class='ocrx_word' id='word_1_143' title='bbox 609 1334 679 1373; x_wconf 78' lang='lat' dir='ltr'>lcaec</span> <span class='ocrx_word' id='word_1_144' title='bbox 697 1334 872 1372; x_wconf 75' lang='lat' dir='ltr'>narratio.</span> 
     </span>
     <span class='ocr_line' id='line_1_18' title="bbox 146 1389 380 1440; baseline 0 -12"><span class='ocrx_word' id='word_1_145' title='bbox 146 1393 184 1428; x_wconf 81' lang='lat'>3.</span> <span class='ocrx_word' id='word_1_146' title='bbox 208 1389 380 1440; x_wconf 60' lang='lat' dir='ltr'>Pugnant.</span> 
     </span>
    </p>
   </div>
   <div class='ocr_carea' id='block_1_7' title="bbox 931 1331 1663 1385">
    <p class='ocr_par' dir='ltr' id='par_1_8' title="bbox 931 1331 1663 1385">
     <span class='ocr_line' id='line_1_19' title="bbox 931 1331 1663 1385; baseline 0 -15"><span class='ocrx_word' id='word_1_147' title='bbox 931 1340 964 1372; x_wconf 92' lang='grc'>1.</span> <span class='ocrx_word' id='word_1_148' title='bbox 981 1333 1098 1370; x_wconf 78' lang='lat' dir='ltr'>Clodii</span> <span class='ocrx_word' id='word_1_149' title='bbox 1112 1333 1281 1373; x_wconf 74' lang='lat' dir='ltr'>Consilia.</span> <span class='ocrx_word' id='word_1_150' title='bbox 1335 1340 1373 1372; x_wconf 86' lang='lat'>2.</span> <span class='ocrx_word' id='word_1_151' title='bbox 1391 1331 1663 1385; x_wconf 68' lang='lat' dir='ltr'>Profi’ctz&#39;oncm.</span> 
     </span>
    </p>
   </div>
   <div class='ocr_carea' id='block_1_8' title="bbox 146 1496 1743 2191">
    <p class='ocr_par' dir='ltr' id='par_1_9' title="bbox 146 1496 1668 1667">
     <span class='ocr_line' id='line_1_20' title="bbox 202 1496 1666 1541; baseline -0.001 -2"><span class='ocrx_word' id='word_1_152' title='bbox 202 1499 280 1540; x_wconf 92' lang='lat' dir='ltr'>VI.</span> <span class='ocrx_word' id='word_1_153' title='bbox 308 1499 341 1540; x_wconf 90' lang='lat' dir='ltr'>P</span> <span class='ocrx_word' id='word_1_154' title='bbox 376 1499 544 1541; x_wconf 86' lang='lat' dir='ltr'>Clodius</span> <span class='ocrx_word' id='word_1_155' title='bbox 573 1497 669 1541; x_wconf 72' lang='lat' dir='ltr'>cum</span> <span class='ocrx_word' id='word_1_156' title='bbox 699 1498 902 1540; x_wconf 82' lang='lat' dir='ltr'>statuisset</span> <span class='ocrx_word' id='word_1_157' title='bbox 931 1498 1043 1538; x_wconf 85' lang='lat' dir='ltr'>omni</span> <span class='ocrx_word' id='word_1_158' title='bbox 1073 1499 1221 1539; x_wconf 88' lang='lat' dir='ltr'>scelere</span> <span class='ocrx_word' id='word_1_159' title='bbox 1252 1497 1294 1538; x_wconf 90' lang='lat' dir='ltr'>in</span> <span class='ocrx_word' id='word_1_160' title='bbox 1323 1496 1508 1540; x_wconf 62' lang='lat' dir='ltr'>Praetura</span> <span class='ocrx_word' id='word_1_161' title='bbox 1542 1511 1666 1538; x_wconf 84' lang='lat' dir='ltr'>vexa·</span> 
     </span>
     <span class='ocr_line' id='line_1_21' title="bbox 146 1556 1667 1611; baseline -0.002 -14"><span class='ocrx_word' id='word_1_162' title='bbox 146 1571 191 1597; x_wconf 80' lang='lat' dir='ltr'>re</span> <span class='ocrx_word' id='word_1_163' title='bbox 231 1558 416 1611; x_wconf 87' lang='lat' dir='ltr'>rempub.</span> <span class='ocrx_word' id='word_1_164' title='bbox 461 1558 701 1611; x_wconf 86' lang='lat' dir='ltr'>videretque</span> <span class='ocrx_word' id='word_1_165' title='bbox 745 1556 800 1596; x_wconf 91' lang='lat' dir='ltr'>ita</span> <span class='ocrx_word' id='word_1_166' title='bbox 829 1565 954 1596; x_wconf 88' lang='lat' dir='ltr'>tracta</span> <span class='ocrx_word' id='word_1_167' title='bbox 985 1570 1068 1596; x_wconf 90' lang='lat' dir='ltr'>esse</span> <span class='ocrx_word' id='word_1_168' title='bbox 1102 1556 1265 1597; x_wconf 85' lang='lat' dir='ltr'>comitia</span> <span class='ocrx_word' id='word_1_169' title='bbox 1298 1571 1405 1597; x_wconf 88' lang='lat' dir='ltr'>anno</span> <span class='ocrx_word' id='word_1_170' title='bbox 1445 1556 1667 1610; x_wconf 85' lang='lat' dir='ltr'>superiore,</span> 
     </span>
     <span class='ocr_line' id='line_1_22' title="bbox 146 1612 1668 1667; baseline -0.002 -12"><span class='ocrx_word' id='word_1_171' title='bbox 146 1624 192 1655; x_wconf 88' lang='lat' dir='ltr'>ut</span> <span class='ocrx_word' id='word_1_172' title='bbox 212 1628 297 1655; x_wconf 90' lang='lat' dir='ltr'>non</span> <span class='ocrx_word' id='word_1_173' title='bbox 317 1615 466 1655; x_wconf 85' lang='lat' dir='ltr'>multos</span> <span class='ocrx_word' id='word_1_174' title='bbox 486 1628 643 1655; x_wconf 87' lang='lat' dir='ltr'>menses</span> <span class='ocrx_word' id='word_1_175' title='bbox 672 1613 897 1654; x_wconf 79' lang='lat' dir='ltr'>Praeturam</span> <span class='ocrx_word' id='word_1_176' title='bbox 927 1627 1067 1667; x_wconf 84' lang='lat' dir='ltr'>gerere</span> <span class='ocrx_word' id='word_1_177' title='bbox 1097 1624 1255 1667; x_wconf 78' lang='lat' dir='ltr'>posset3</span> <span class='ocrx_word' id='word_1_178' title='bbox 1288 1614 1356 1667; x_wconf 90' lang='lat' dir='ltr'>qui</span> <span class='ocrx_word' id='word_1_179' title='bbox 1386 1627 1471 1653; x_wconf 91' lang='lat' dir='ltr'>non</span> <span class='ocrx_word' id='word_1_180' title='bbox 1500 1612 1668 1653; x_wconf 90' lang='lat' dir='ltr'>honoris</span> 
     </span>
    </p>

    <p class='ocr_par' dir='ltr' id='par_1_10' title="bbox 146 1668 1743 2126">
     <span class='ocr_line' id='line_1_23' title="bbox 175 1668 1670 1725; baseline -0.001 -14"><span class='ocrx_word' id='word_1_181' title='bbox 175 1671 318 1712; x_wconf 90' lang='lat' dir='ltr'>radum</span> <span class='ocrx_word' id='word_1_182' title='bbox 348 1681 558 1725; x_wconf 85' lang='lat' dir='ltr'>spectaret,</span> <span class='ocrx_word' id='word_1_183' title='bbox 605 1669 649 1711; x_wconf 85' lang='lat' dir='ltr'>ut</span> <span class='ocrx_word' id='word_1_184' title='bbox 694 1670 843 1718; x_wconf 67' lang='lat' dir='ltr'>caeteri,</span> <span class='ocrx_word' id='word_1_185' title='bbox 883 1671 953 1710; x_wconf 82' lang='lat' dir='ltr'>sed</span> <span class='ocrx_word' id='word_1_186' title='bbox 987 1680 1032 1711; x_wconf 84' lang='lat' dir='ltr'>ut</span> <span class='ocrx_word' id='word_1_187' title='bbox 1067 1670 1116 1711; x_wconf 89' lang='lat' dir='ltr'>L.</span> <span class='ocrx_word' id='word_1_188' title='bbox 1155 1670 1343 1712; x_wconf 84' lang='lat' dir='ltr'>Paullum</span> <span class='ocrx_word' id='word_1_189' title='bbox 1382 1671 1580 1725; x_wconf 88' lang='lat' dir='ltr'>collegam</span> <span class='ocrx_word' id='word_1_190' title='bbox 1609 1668 1670 1710; x_wconf 85' lang='lat' dir='ltr'>ef-</span> 
     </span>
     <span class='ocr_line' id='line_1_24' title="bbox 146 1686 1668 1783; baseline -0.001 -15"><span class='ocrx_word' id='word_1_191' title='bbox 146 1686 289 1783; x_wconf 51' lang='lat' dir='ltr'>}ugere</span> <span class='ocrx_word' id='word_1_192' title='bbox 318 1730 455 1777; x_wconf 84' lang='lat' dir='ltr'>vellet,</span> <span class='ocrx_word' id='word_1_193' title='bbox 498 1728 690 1783; x_wconf 82' lang='lat' dir='ltr'>singulari</span> <span class='ocrx_word' id='word_1_194' title='bbox 738 1727 886 1768; x_wconf 87' lang='lat' dir='ltr'>virtute</span> <span class='ocrx_word' id='word_1_195' title='bbox 924 1728 1069 1777; x_wconf 85' lang='lat' dir='ltr'>civem,</span> <span class='ocrx_word' id='word_1_196' title='bbox 1111 1738 1151 1768; x_wconf 87' lang='lat' dir='ltr'>et</span> <span class='ocrx_word' id='word_1_197' title='bbox 1191 1742 1343 1768; x_wconf 84' lang='lat' dir='ltr'>annum</span> <span class='ocrx_word' id='word_1_198' title='bbox 1381 1728 1587 1782; x_wconf 87' lang='lat' dir='ltr'>integrum</span> <span class='ocrx_word' id='word_1_199' title='bbox 1617 1727 1668 1767; x_wconf 85' lang='lat' dir='ltr'>ad</span> 
     </span>
     <span class='ocr_line' id='line_1_25' title="bbox 147 1782 1670 1850; baseline -0.001 -24"><span class='ocrx_word' id='word_1_200' title='bbox 147 1785 444 1827; x_wconf 85' lang='lat' dir='ltr'>dilacerandam</span> <span class='ocrx_word' id='word_1_201' title='bbox 488 1786 689 1841; x_wconf 86' lang='lat' dir='ltr'>rempubl.</span> <span class='ocrx_word' id='word_1_202' title='bbox 740 1796 961 1850; x_wconf 79' lang='lat' dir='ltr'>quaereret3</span> <span class='ocrx_word' id='word_1_203' title='bbox 1013 1782 1146 1825; x_wconf 72' lang='lat' dir='ltr'>subito</span> <span class='ocrx_word' id='word_1_204' title='bbox 1195 1785 1358 1839; x_wconf 87' lang='lat' dir='ltr'>reliquit</span> <span class='ocrx_word' id='word_1_205' title='bbox 1408 1797 1561 1825; x_wconf 86' lang='lat' dir='ltr'>annum</span> <span class='ocrx_word' id='word_1_206' title='bbox 1605 1800 1670 1825; x_wconf 91' lang='lat' dir='ltr'>su-</span> 
     </span>
     <span class='ocr_line' id='line_1_26' title="bbox 148 1841 1671 1907; baseline -0.001 -24"><span class='ocrx_word' id='word_1_207' title='bbox 148 1858 236 1892; x_wconf 89' lang='lat' dir='ltr'>um,</span> <span class='ocrx_word' id='word_1_208' title='bbox 266 1858 389 1898; x_wconf 87' lang='lat' dir='ltr'>seque</span> <span class='ocrx_word' id='word_1_209' title='bbox 420 1844 463 1883; x_wconf 89' lang='lat' dir='ltr'>in</span> <span class='ocrx_word' id='word_1_210' title='bbox 493 1857 646 1884; x_wconf 87' lang='lat' dir='ltr'>annum</span> <span class='ocrx_word' id='word_1_211' title='bbox 691 1842 925 1896; x_wconf 84' lang='lat' dir='ltr'>proximum</span> <span class='ocrx_word' id='word_1_212' title='bbox 967 1842 1186 1907; x_wconf 87' lang='lat' dir='ltr'>transtulit,</span> <span class='ocrx_word' id='word_1_213' title='bbox 1226 1857 1326 1892; x_wconf 86' lang='lat' dir='ltr'>non,</span> <span class='ocrx_word' id='word_1_214' title='bbox 1360 1850 1406 1883; x_wconf 89' lang='lat' dir='ltr'>ut</span> <span class='ocrx_word' id='word_1_215' title='bbox 1441 1841 1503 1890; x_wconf 79' lang='lat' dir='ltr'>fit,</span> <span class='ocrx_word' id='word_1_216' title='bbox 1533 1841 1671 1897; x_wconf 89' lang='lat' dir='ltr'>religi-</span> 
     </span>
     <span class='ocr_line' id='line_1_27' title="bbox 148 1898 1669 1955; baseline -0.002 -13"><span class='ocrx_word' id='word_1_217' title='bbox 148 1914 228 1942; x_wconf 86' lang='lat' dir='ltr'>one</span> <span class='ocrx_word' id='word_1_218' title='bbox 272 1899 420 1955; x_wconf 88' lang='lat' dir='ltr'>aliqua,</span> <span class='ocrx_word' id='word_1_219' title='bbox 465 1901 536 1941; x_wconf 90' lang='lat' dir='ltr'>sed</span> <span class='ocrx_word' id='word_1_220' title='bbox 576 1910 621 1940; x_wconf 89' lang='lat' dir='ltr'>ut</span> <span class='ocrx_word' id='word_1_221' title='bbox 662 1900 845 1947; x_wconf 84' lang='lat' dir='ltr'>haberet,</span> <span class='ocrx_word' id='word_1_222' title='bbox 889 1900 1000 1953; x_wconf 87' lang='lat' dir='ltr'>quod</span> <span class='ocrx_word' id='word_1_223' title='bbox 1036 1899 1120 1953; x_wconf 89' lang='lat' dir='ltr'>ipse</span> <span class='ocrx_word' id='word_1_224' title='bbox 1155 1900 1329 1949; x_wconf 83' lang='lat' dir='ltr'>dicebat,</span> <span class='ocrx_word' id='word_1_225' title='bbox 1362 1899 1414 1939; x_wconf 88' lang='lat' dir='ltr'>ad</span> <span class='ocrx_word' id='word_1_226' title='bbox 1443 1898 1669 1940; x_wconf 86' lang='lat' dir='ltr'>Praeturam</span> 
     </span>
     <span class='ocr_line' id='line_1_28' title="bbox 148 1957 1669 2012; baseline -0.001 -14"><span class='ocrx_word' id='word_1_227' title='bbox 148 1958 386 2012; x_wconf 78' lang='lat' dir='ltr'>gerendam,</span> <span class='ocrx_word' id='word_1_228' title='bbox 428 1958 508 1998; x_wconf 89' lang='lat' dir='ltr'>hoc</span> <span class='ocrx_word' id='word_1_229' title='bbox 552 1968 626 2005; x_wconf 79' lang='lat' dir='ltr'>est,</span> <span class='ocrx_word' id='word_1_230' title='bbox 666 1957 718 1997; x_wconf 85' lang='lat' dir='ltr'>ad</span> <span class='ocrx_word' id='word_1_231' title='bbox 761 1958 1023 1997; x_wconf 82' lang='lat' dir='ltr'>evertendam</span> <span class='ocrx_word' id='word_1_232' title='bbox 1066 1958 1266 2011; x_wconf 88' lang='lat' dir='ltr'>rempubl.</span> <span class='ocrx_word' id='word_1_233' title='bbox 1307 1958 1476 2011; x_wconf 91' lang='lat' dir='ltr'>plenum</span> <span class='ocrx_word' id='word_1_234' title='bbox 1516 1970 1669 1998; x_wconf 88' lang='lat' dir='ltr'>annum</span> 
     </span>
     <span class='ocr_line' id='line_1_29' title="bbox 148 2013 1743 2071; baseline 0.001 -16"><span class='ocrx_word' id='word_1_235' title='bbox 148 2027 269 2071; x_wconf 87' lang='lat' dir='ltr'>atque</span> <span class='ocrx_word' id='word_1_236' title='bbox 300 2015 532 2069; x_wconf 82' lang='lat' dir='ltr'>integrum:</span> <span class='ocrx_word' id='word_1_237' title='bbox 581 2015 818 2055; x_wconf 81' lang='lat' dir='ltr'>occurrebat</span> <span class='ocrx_word' id='word_1_238' title='bbox 862 2014 912 2063; x_wconf 88' lang='lat' dir='ltr'>ei,</span> <span class='ocrx_word' id='word_1_239' title='bbox 944 2029 1128 2060; x_wconf 89' lang='lat' dir='ltr'>mancam</span> <span class='ocrx_word' id='word_1_240' title='bbox 1158 2029 1202 2055; x_wconf 91' lang='lat' dir='ltr'>ac</span> <span class='ocrx_word' id='word_1_241' title='bbox 1233 2015 1410 2056; x_wconf 88' lang='lat' dir='ltr'>debilem</span> <span class='ocrx_word' id='word_1_242' title='bbox 1444 2013 1668 2055; x_wconf 82' lang='lat' dir='ltr'>Praeturam</span> <span class='ocrx_word' id='word_1_243' title='bbox 1692 2021 1743 2058; x_wconf 86' lang='lat'>10</span> 
     </span>
     <span class='ocr_line' id='line_1_30' title="bbox 148 2069 1670 2126; baseline -0.001 -13"><span class='ocrx_word' id='word_1_244' title='bbox 148 2087 261 2113; x_wconf 78' lang='lat' dir='ltr'>suam</span> <span class='ocrx_word' id='word_1_245' title='bbox 291 2070 486 2121; x_wconf 84' lang='lat' dir='ltr'>futuram,</span> <span class='ocrx_word' id='word_1_246' title='bbox 529 2071 707 2112; x_wconf 86' lang='lat' dir='ltr'>Consule</span> <span class='ocrx_word' id='word_1_247' title='bbox 752 2071 935 2112; x_wconf 89' lang='lat' dir='ltr'>Milone:</span> <span class='ocrx_word' id='word_1_248' title='bbox 985 2086 1079 2112; x_wconf 91' lang='lat' dir='ltr'>eurn</span> <span class='ocrx_word' id='word_1_249' title='bbox 1123 2069 1247 2126; x_wconf 76' lang='lat' dir='ltr'>porro</span> <span class='ocrx_word' id='word_1_250' title='bbox 1294 2086 1455 2112; x_wconf 88' lang='lat' dir='ltr'>summo</span> <span class='ocrx_word' id='word_1_251' title='bbox 1499 2085 1670 2113; x_wconf 89' lang='lat' dir='ltr'>consen-</span> 
     </span>
    </p>

    <p class='ocr_par' dir='ltr' id='par_1_11' title="bbox 149 2123 1671 2191">
     <span class='ocr_line' id='line_1_31' title="bbox 149 2123 1671 2191; baseline 0 -20"><span class='ocrx_word' id='word_1_252' title='bbox 149 2144 195 2171; x_wconf 90' lang='lat' dir='ltr'>su</span> <span class='ocrx_word' id='word_1_253' title='bbox 218 2130 357 2186; x_wconf 75' lang='lat' dir='ltr'>populi</span> <span class='ocrx_word' id='word_1_254' title='bbox 378 2129 555 2170; x_wconf 84' lang='lat' dir='ltr'>Romani</span> <span class='ocrx_word' id='word_1_255' title='bbox 577 2128 799 2191; x_wconf 85' lang='lat' dir='ltr'>Consulem</span> <span class='ocrx_word' id='word_1_256' title='bbox 814 2128 903 2169; x_wconf 86' lang='lat' dir='ltr'>fieri</span> <span class='ocrx_word' id='word_1_257' title='bbox 923 2129 1083 2171; x_wconf 79' lang='lat' dir='ltr'>videbat</span> <span class='ocrx_word' id='word_1_258' title='bbox 1098 2140 1124 2186; x_wconf 55' lang='grc' dir='ltr'>ξ.</span> <span class='ocrx_word' id='word_1_259' title='bbox 1128 2123 1304 2172; x_wconf 60' lang='lat' dir='ltr'>Contulit</span> <span class='ocrx_word' id='word_1_260' title='bbox 1324 2144 1365 2171; x_wconf 85' lang='lat' dir='ltr'>se</span> <span class='ocrx_word' id='word_1_261' title='bbox 1385 2130 1435 2170; x_wconf 87' lang='lat' dir='ltr'>ad</span> <span class='ocrx_word' id='word_1_262' title='bbox 1456 2129 1540 2185; x_wconf 82' lang='lat' dir='ltr'>ejus</span> <span class='ocrx_word' id='word_1_263' title='bbox 1559 2144 1671 2171; x_wconf 88' lang='lat' dir='ltr'>corn·-</span> 
     </span>
    </p>
   </div>
   <div class='ocr_carea' id='block_1_9' title="bbox 1687 1731 1711 1768">
    <p class='ocr_par' dir='ltr' id='par_1_12' title="bbox 1687 1731 1711 1768">
     <span class='ocr_line' id='line_1_32' title="bbox 1687 1731 1711 1768; textangle 90"><span class='ocrx_word' id='word_1_264' title='bbox 1687 1731 1711 1768; x_wconf 67' lang='lat' dir='ltr'>Gi</span> 
     </span>
    </p>
   </div>
   <div class='ocr_carea' id='block_1_10' title="bbox 152 2300 890 2860">
    <p class='ocr_par' dir='ltr' id='par_1_13' title="bbox 152 2300 889 2507">
     <span class='ocr_line' id='line_1_33' title="bbox 175 2300 887 2341; baseline 0.003 -11"><span class='ocrx_word' id='word_1_265' title='bbox 175 2301 205 2333; x_wconf 78' lang='lat'>2.</span> <span class='ocrx_word' id='word_1_266' title='bbox 221 2300 270 2332; x_wconf 76' lang='lat' dir='ltr'>Ita</span> <span class='ocrx_word' id='word_1_267' title='bbox 286 2308 385 2333; x_wconf 77' lang='lat' dir='ltr'>tracta</span> <span class='ocrx_word' id='word_1_268' title='bbox 402 2313 462 2334; x_wconf 80' lang='lat' dir='ltr'>esse</span> <span class='ocrx_word' id='word_1_269' title='bbox 478 2302 630 2341; x_wconf 46' lang='lat' dir='ltr'>comitia]</span> <span class='ocrx_word' id='word_1_270' title='bbox 648 2302 696 2334; x_wconf 85' lang='lat' dir='ltr'>Ita</span> <span class='ocrx_word' id='word_1_271' title='bbox 709 2300 804 2335; x_wconf 82' lang='lat' dir='ltr'>dilata</span> <span class='ocrx_word' id='word_1_272' title='bbox 822 2302 887 2333; x_wconf 83' lang='lat' dir='ltr'>fue·</span> 
     </span>
     <span class='ocr_line' id='line_1_34' title="bbox 152 2346 889 2386; baseline 0.003 -12"><span class='ocrx_word' id='word_1_273' title='bbox 152 2351 229 2375; x_wconf 79' lang='lat' dir='ltr'>runt</span> <span class='ocrx_word' id='word_1_274' title='bbox 253 2346 385 2376; x_wconf 74' lang='lat' dir='ltr'>comitia</span> <span class='ocrx_word' id='word_1_275' title='bbox 407 2353 532 2386; x_wconf 81' lang='lat' dir='ltr'>propter</span> <span class='ocrx_word' id='word_1_276' title='bbox 557 2346 682 2376; x_wconf 81' lang='lat' dir='ltr'>insanas</span> <span class='ocrx_word' id='word_1_277' title='bbox 707 2346 889 2376; x_wconf 84' lang='lat' dir='ltr'>candidato-</span> 
     </span>
     <span class='ocr_line' id='line_1_35' title="bbox 153 2387 889 2428; baseline 0.003 -11"><span class='ocrx_word' id='word_1_278' title='bbox 153 2397 227 2418; x_wconf 80' lang='lat' dir='ltr'>rum</span> <span class='ocrx_word' id='word_1_279' title='bbox 243 2390 472 2427; x_wconf 83' lang='lat' dir='ltr'>contentiones,</span> <span class='ocrx_word' id='word_1_280' title='bbox 486 2398 523 2420; x_wconf 90' lang='lat' dir='ltr'>ut</span> <span class='ocrx_word' id='word_1_281' title='bbox 537 2389 675 2428; x_wconf 86' lang='lat' dir='ltr'>septimo</span> <span class='ocrx_word' id='word_1_282' title='bbox 689 2389 751 2420; x_wconf 72' lang='lat' dir='ltr'>fere</span> <span class='ocrx_word' id='word_1_283' title='bbox 763 2387 889 2420; x_wconf 73' lang='lat' dir='ltr'>tantum</span> 
     </span>
     <span class='ocr_line' id='line_1_36' title="bbox 152 2432 889 2464; baseline 0.005 -5"><span class='ocrx_word' id='word_1_284' title='bbox 152 2439 263 2461; x_wconf 84' lang='lat' dir='ltr'>mense</span> <span class='ocrx_word' id='word_1_285' title='bbox 302 2433 464 2463; x_wconf 82' lang='lat' dir='ltr'>Domitius</span> <span class='ocrx_word' id='word_1_286' title='bbox 497 2433 651 2464; x_wconf 82' lang='lat' dir='ltr'>Calvinus</span> <span class='ocrx_word' id='word_1_287' title='bbox 680 2439 713 2463; x_wconf 85' lang='lat' dir='ltr'>et</span> <span class='ocrx_word' id='word_1_288' title='bbox 742 2432 889 2464; x_wconf 83' lang='lat' dir='ltr'>Valerius</span> 
     </span>
     <span class='ocr_line' id='line_1_37' title="bbox 153 2473 673 2507; baseline 0.002 -3"><span class='ocrx_word' id='word_1_289' title='bbox 153 2473 291 2505; x_wconf 82' lang='lat' dir='ltr'>Messala</span> <span class='ocrx_word' id='word_1_290' title='bbox 306 2476 519 2507; x_wconf 81' lang='lat' dir='ltr'>Consulatum</span> <span class='ocrx_word' id='word_1_291' title='bbox 536 2476 673 2507; x_wconf 82' lang='lat' dir='ltr'>inierint.</span> 
     </span>
    </p>

    <p class='ocr_par' dir='ltr' id='par_1_14' title="bbox 152 2516 890 2722">
     <span class='ocr_line' id='line_1_38' title="bbox 197 2516 889 2558; baseline 0.006 -12"><span class='ocrx_word' id='word_1_292' title='bbox 197 2520 227 2548; x_wconf 80' lang='lat'>4..</span> <span class='ocrx_word' id='word_1_293' title='bbox 244 2516 280 2547; x_wconf 82' lang='lat' dir='ltr'>L·</span> <span class='ocrx_word' id='word_1_294' title='bbox 293 2517 467 2558; x_wconf 59' lang='lat' dir='ltr'>Paullum]</span> <span class='ocrx_word' id='word_1_295' title='bbox 487 2519 526 2550; x_wconf 73' lang='lat'>1..</span> <span class='ocrx_word' id='word_1_296' title='bbox 541 2519 675 2550; x_wconf 88' lang='lat' dir='ltr'>Paullus</span> <span class='ocrx_word' id='word_1_297' title='bbox 687 2519 735 2549; x_wconf 89' lang='lat' dir='ltr'>vir</span> <span class='ocrx_word' id='word_1_298' title='bbox 751 2519 812 2549; x_wconf 85' lang='lat' dir='ltr'>fuit</span> <span class='ocrx_word' id='word_1_299' title='bbox 823 2519 889 2550; x_wconf 87' lang='lat' dir='ltr'>sin-</span> 
     </span>
     <span class='ocr_line' id='line_1_39' title="bbox 152 2559 886 2602; baseline 0.004 -12"><span class='ocrx_word' id='word_1_300' title='bbox 152 2559 283 2600; x_wconf 80' lang='lat' dir='ltr'>gularis,</span> <span class='ocrx_word' id='word_1_301' title='bbox 314 2567 346 2592; x_wconf 78' lang='lat' dir='ltr'>et</span> <span class='ocrx_word' id='word_1_302' title='bbox 374 2563 412 2592; x_wconf 83' lang='lat' dir='ltr'>ad</span> <span class='ocrx_word' id='word_1_303' title='bbox 440 2563 694 2593; x_wconf 80' lang='lat' dir='ltr'>conservandam</span> <span class='ocrx_word' id='word_1_304' title='bbox 722 2562 886 2602; x_wconf 85' lang='lat' dir='ltr'>Rempub.</span> 
     </span>
     <span class='ocr_line' id='line_1_40' title="bbox 152 2604 887 2644; baseline 0.001 -9"><span class='ocrx_word' id='word_1_305' title='bbox 152 2610 259 2639; x_wconf 78' lang='lat' dir='ltr'>natus,</span> <span class='ocrx_word' id='word_1_306' title='bbox 277 2604 382 2644; x_wconf 85' lang='lat' dir='ltr'>inquit</span> <span class='ocrx_word' id='word_1_307' title='bbox 397 2605 528 2635; x_wconf 86' lang='lat' dir='ltr'>Cicero</span> <span class='ocrx_word' id='word_1_308' title='bbox 522 2615 554 2636; x_wconf 85' lang='lat' dir='ltr'>in</span> <span class='ocrx_word' id='word_1_309' title='bbox 570 2605 751 2637; x_wconf 84' lang='lat' dir='ltr'>Vatinium.</span> <span class='ocrx_word' id='word_1_310' title='bbox 790 2607 887 2636; x_wconf 86' lang='lat' dir='ltr'>Hunc</span> 
     </span>
     <span class='ocr_line' id='line_1_41' title="bbox 152 2648 890 2690; baseline 0.007 -14"><span class='ocrx_word' id='word_1_311' title='bbox 152 2654 282 2687; x_wconf 81' lang='lat' dir='ltr'>propter</span> <span class='ocrx_word' id='word_1_312' title='bbox 316 2657 478 2678; x_wconf 84' lang='lat' dir='ltr'>summam</span> <span class='ocrx_word' id='word_1_313' title='bbox 512 2648 701 2688; x_wconf 83' lang='lat' dir='ltr'>probitatem</span> <span class='ocrx_word' id='word_1_314' title='bbox 732 2648 890 2690; x_wconf 81' lang='lat' dir='ltr'>collegam</span> 
     </span>
     <span class='ocr_line' id='line_1_42' title="bbox 152 2689 566 2722; baseline 0.002 -1"><span class='ocrx_word' id='word_1_315' title='bbox 152 2691 269 2721; x_wconf 83' lang='lat' dir='ltr'>habere</span> <span class='ocrx_word' id='word_1_316' title='bbox 283 2689 412 2721; x_wconf 81' lang='lat' dir='ltr'>Clodius</span> <span class='ocrx_word' id='word_1_317' title='bbox 429 2690 566 2722; x_wconf 82' lang='lat' dir='ltr'>nolebat.</span> 
     </span>
    </p>

    <p class='ocr_par' dir='ltr' id='par_1_15' title="bbox 153 2733 890 2860">
     <span class='ocr_line' id='line_1_43' title="bbox 196 2733 889 2775; baseline 0.004 -11"><span class='ocrx_word' id='word_1_318' title='bbox 196 2735 225 2764; x_wconf 87' lang='grc'>5.</span> <span class='ocrx_word' id='word_1_319' title='bbox 242 2733 370 2764; x_wconf 78' lang='lat' dir='ltr'>Annum</span> <span class='ocrx_word' id='word_1_320' title='bbox 385 2734 548 2773; x_wconf 72' lang='lat' dir='ltr'>integrum.</span> <span class='ocrx_word' id='word_1_321' title='bbox 556 2735 568 2773; x_wconf 84' lang='lat'><em>]</em></span> <span class='ocrx_word' id='word_1_322' title='bbox 582 2734 712 2775; x_wconf 80' lang='lat' dir='ltr'>Propter</span> <span class='ocrx_word' id='word_1_323' title='bbox 727 2735 824 2766; x_wconf 80' lang='lat' dir='ltr'>dilata</span> <span class='ocrx_word' id='word_1_324' title='bbox 835 2745 889 2767; x_wconf 92' lang='lat' dir='ltr'>co·</span> 
     </span>
     <span class='ocr_line' id='line_1_44' title="bbox 153 2776 890 2820; baseline 0 -12"><span class='ocrx_word' id='word_1_325' title='bbox 153 2777 246 2818; x_wconf 75' lang='lat' dir='ltr'>mitia</span> <span class='ocrx_word' id='word_1_326' title='bbox 262 2776 406 2807; x_wconf 89' lang='lat' dir='ltr'>medium</span> <span class='ocrx_word' id='word_1_327' title='bbox 422 2784 547 2807; x_wconf 88' lang='lat' dir='ltr'>tantum</span> <span class='ocrx_word' id='word_1_328' title='bbox 561 2787 684 2808; x_wconf 88' lang='lat' dir='ltr'>annum</span> <span class='ocrx_word' id='word_1_329' title='bbox 701 2778 815 2810; x_wconf 82' lang='lat' dir='ltr'>habere</span> <span class='ocrx_word' id='word_1_330' title='bbox 831 2789 890 2820; x_wconf 86' lang='lat' dir='ltr'>po-</span> 
     </span>
     <span class='ocr_line' id='line_1_45' title="bbox 153 2808 887 2860; baseline 0.007 -10"><span class='ocrx_word' id='word_1_331' title='bbox 153 2808 245 2858; x_wconf 76' lang='lat' dir='ltr'>¹terat,</span> <span class='ocrx_word' id='word_1_332' title='bbox 258 2817 332 2851; x_wconf 74' lang='lat' dir='ltr'>cum</span> <span class='ocrx_word' id='word_1_333' title='bbox 360 2821 444 2851; x_wconf 81' lang='lat' dir='ltr'>circa</span> <span class='ocrx_word' id='word_1_334' title='bbox 466 2821 529 2850; x_wconf 67' lang='lat' dir='ltr'>fere</span> <span class='ocrx_word' id='word_1_335' title='bbox 544 2821 718 2860; x_wconf 83' lang='lat' dir='ltr'>septimum</span> <span class='ocrx_word' id='word_1_336' title='bbox 741 2831 887 2854; x_wconf 85' lang='lat' dir='ltr'>mensem</span> 
     </span>
    </p>
   </div>
   <div class='ocr_carea' id='block_1_11' title="bbox 150 2863 709 2911">
    <p class='ocr_par' dir='ltr' id='par_1_16' title="bbox 150 2863 709 2911">
     <span class='ocr_line' id='line_1_46' title="bbox 150 2863 709 2911; baseline -0.002 -14"><span class='ocrx_word' id='word_1_337' title='bbox 150 2863 281 2902; x_wconf 73' lang='lat' dir='ltr'>inierint</span> <span class='ocrx_word' id='word_1_338' title='bbox 297 2864 524 2911; x_wconf 80' lang='lat' dir='ltr'>Magistratum</span> <span class='ocrx_word' id='word_1_339' title='bbox 542 2864 709 2898; x_wconf 82' lang='lat' dir='ltr'>Consules.</span> 
     </span>
    </p>
   </div>
   <div class='ocr_carea' id='block_1_12' title="bbox 927 2301 1673 2896">
    <p class='ocr_par' dir='ltr' id='par_1_17' title="bbox 932 2301 1672 2558">
     <span class='ocr_line' id='line_1_47' title="bbox 977 2301 1670 2342; baseline 0 -11"><span class='ocrx_word' id='word_1_340' title='bbox 977 2303 1007 2333; x_wconf 83' lang='lat'>6.</span> <span class='ocrx_word' id='word_1_341' title='bbox 1021 2301 1162 2342; x_wconf 71' lang='lat' dir='ltr'>Reliquit,</span> <span class='ocrx_word' id='word_1_342' title='bbox 1178 2310 1297 2331; x_wconf 73' lang='lat' dir='ltr'>annum</span> <span class='ocrx_word' id='word_1_343' title='bbox 1313 2302 1431 2341; x_wconf 72' lang='lat' dir='ltr'>suum]</span> <span class='ocrx_word' id='word_1_344' title='bbox 1455 2303 1570 2333; x_wconf 85' lang='lat' dir='ltr'>Annus</span> <span class='ocrx_word' id='word_1_345' title='bbox 1592 2309 1670 2332; x_wconf 83' lang='lat' dir='ltr'>suus</span> 
     </span>
     <span class='ocr_line' id='line_1_48' title="bbox 933 2345 1670 2386; baseline -0.001 -11"><span class='ocrx_word' id='word_1_346' title='bbox 933 2345 1107 2383; x_wconf 87' lang='lat' dir='ltr'>dicebatur,</span> <span class='ocrx_word' id='word_1_347' title='bbox 1132 2354 1197 2384; x_wconf 87' lang='lat' dir='ltr'>quo</span> <span class='ocrx_word' id='word_1_348' title='bbox 1224 2346 1295 2384; x_wconf 88' lang='lat' dir='ltr'>quis</span> <span class='ocrx_word' id='word_1_349' title='bbox 1312 2346 1469 2376; x_wconf 81' lang='lat' dir='ltr'>honorem</span> <span class='ocrx_word' id='word_1_350' title='bbox 1492 2352 1595 2386; x_wconf 79' lang='lat' dir='ltr'>petere</span> <span class='ocrx_word' id='word_1_351' title='bbox 1629 2353 1670 2375; x_wconf 81' lang='lat' dir='ltr'>ex</span> 
     </span>
     <span class='ocr_line' id='line_1_49' title="bbox 933 2387 1671 2429; baseline -0.004 -10"><span class='ocrx_word' id='word_1_352' title='bbox 933 2389 1002 2428; x_wconf 77' lang='lat' dir='ltr'>lege</span> <span class='ocrx_word' id='word_1_353' title='bbox 1018 2395 1155 2429; x_wconf 84' lang='lat' dir='ltr'>poterat:</span> <span class='ocrx_word' id='word_1_354' title='bbox 1184 2395 1219 2418; x_wconf 92' lang='lat' dir='ltr'>ut</span> <span class='ocrx_word' id='word_1_355' title='bbox 1235 2391 1411 2420; x_wconf 84' lang='lat' dir='ltr'>Praeturam</span> <span class='ocrx_word' id='word_1_356' title='bbox 1437 2387 1671 2428; x_wconf 82' lang='lat' dir='ltr'>postAEdilita-</span> 
     </span>
     <span class='ocr_line' id='line_1_50' title="bbox 933 2430 1671 2472; baseline -0.001 -10"><span class='ocrx_word' id='word_1_357' title='bbox 933 2439 1013 2470; x_wconf 89' lang='lat' dir='ltr'>tem,</span> <span class='ocrx_word' id='word_1_358' title='bbox 1028 2439 1097 2472; x_wconf 81' lang='lat' dir='ltr'>post</span> <span class='ocrx_word' id='word_1_359' title='bbox 1112 2433 1289 2463; x_wconf 78' lang='lat' dir='ltr'>Praeturam</span> <span class='ocrx_word' id='word_1_360' title='bbox 1306 2432 1532 2464; x_wconf 86' lang='lat' dir='ltr'>Consulatum.</span> <span class='ocrx_word' id='word_1_361' title='bbox 1550 2430 1671 2470; x_wconf 83' lang='lat' dir='ltr'>Requi-</span> 
     </span>
     <span class='ocr_line' id='line_1_51' title="bbox 932 2475 1672 2515; baseline -0.001 -9"><span class='ocrx_word' id='word_1_362' title='bbox 932 2476 1059 2506; x_wconf 83' lang='lat' dir='ltr'>rebatur</span> <span class='ocrx_word' id='word_1_363' title='bbox 1070 2482 1192 2512; x_wconf 86' lang='lat' dir='ltr'>autem,</span> <span class='ocrx_word' id='word_1_364' title='bbox 1208 2484 1243 2506; x_wconf 89' lang='lat' dir='ltr'>ut</span> <span class='ocrx_word' id='word_1_365' title='bbox 1254 2475 1325 2515; x_wconf 90' lang='lat' dir='ltr'>quis</span> <span class='ocrx_word' id='word_1_366' title='bbox 1338 2477 1456 2507; x_wconf 81' lang='lat' dir='ltr'>Praetor</span> <span class='ocrx_word' id='word_1_367' title='bbox 1467 2475 1604 2510; x_wconf 81' lang='lat' dir='ltr'>ficret,ut</span> <span class='ocrx_word' id='word_1_368' title='bbox 1613 2483 1672 2505; x_wconf 86' lang='lat' dir='ltr'>an·</span> 
     </span>
     <span class='ocr_line' id='line_1_52' title="bbox 932 2519 1668 2558; baseline -0.001 -8"><span class='ocrx_word' id='word_1_369' title='bbox 932 2528 1014 2550; x_wconf 86' lang='lat' dir='ltr'>num</span> <span class='ocrx_word' id='word_1_370' title='bbox 1029 2519 1130 2550; x_wconf 70' lang='lat' dir='ltr'>aetatis</span> <span class='ocrx_word' id='word_1_371' title='bbox 1146 2528 1272 2550; x_wconf 89' lang='lat' dir='ltr'>nonum</span> <span class='ocrx_word' id='word_1_372' title='bbox 1291 2519 1320 2549; x_wconf 70' lang='grc' dir='ltr'>δε</span> <span class='ocrx_word' id='word_1_373' title='bbox 1339 2519 1540 2558; x_wconf 83' lang='lat' dir='ltr'>trigesimum</span> <span class='ocrx_word' id='word_1_374' title='bbox 1553 2524 1668 2556; x_wconf 84' lang='lat' dir='ltr'>ageret.</span> 
     </span>
    </p>

    <p class='ocr_par' dir='ltr' id='par_1_18' title="bbox 932 2561 1673 2689">
     <span class='ocr_line' id='line_1_53' title="bbox 977 2561 1673 2600; baseline 0.001 -10"><span class='ocrx_word' id='word_1_375' title='bbox 977 2563 1024 2592; x_wconf 83' lang='lat'>10.</span> <span class='ocrx_word' id='word_1_376' title='bbox 1052 2561 1233 2600; x_wconf 53' lang='lat' dir='ltr'>mancam]</span> <span class='ocrx_word' id='word_1_377' title='bbox 1263 2562 1400 2592; x_wconf 84' lang='lat' dir='ltr'>Mancus</span> <span class='ocrx_word' id='word_1_378' title='bbox 1421 2561 1537 2592; x_wconf 84' lang='lat' dir='ltr'>dicitur</span> <span class='ocrx_word' id='word_1_379' title='bbox 1552 2561 1605 2591; x_wconf 90' lang='lat' dir='ltr'>cui</span> <span class='ocrx_word' id='word_1_380' title='bbox 1621 2561 1673 2591; x_wconf 83' lang='lat' dir='ltr'>al·</span> 
     </span>
     <span class='ocr_line' id='line_1_54' title="bbox 932 2602 1673 2645; baseline -0.001 -10"><span class='ocrx_word' id='word_1_381' title='bbox 932 2612 997 2638; x_wconf 84' lang='lat' dir='ltr'>tera</span> <span class='ocrx_word' id='word_1_382' title='bbox 1013 2615 1128 2636; x_wconf 86' lang='lat' dir='ltr'>manus</span> <span class='ocrx_word' id='word_1_383' title='bbox 1145 2605 1267 2635; x_wconf 92' lang='lat' dir='ltr'>inutilis</span> <span class='ocrx_word' id='word_1_384' title='bbox 1279 2612 1336 2641; x_wconf 83' lang='lat' dir='ltr'>est,</span> <span class='ocrx_word' id='word_1_385' title='bbox 1345 2602 1473 2645; x_wconf 66' lang='lat' dir='ltr'>sumpt-3</span> <span class='ocrx_word' id='word_1_386' title='bbox 1485 2602 1673 2643; x_wconf 58' lang='lat' dir='ltr'>metaphora*</span> 
     </span>
     <span class='ocr_line' id='line_1_55' title="bbox 933 2649 1392 2689; baseline 0 -11"><span class='ocrx_word' id='word_1_387' title='bbox 933 2657 951 2678; x_wconf 79' lang='lat' dir='ltr'>a</span> <span class='ocrx_word' id='word_1_388' title='bbox 964 2658 1091 2689; x_wconf 84' lang='lat' dir='ltr'>corpore</span> <span class='ocrx_word' id='word_1_389' title='bbox 1105 2649 1143 2679; x_wconf 87' lang='lat' dir='ltr'>ad</span> <span class='ocrx_word' id='word_1_390' title='bbox 1159 2649 1392 2687; x_wconf 83' lang='lat' dir='ltr'>magistratum.</span> 
     </span>
    </p>

    <p class='ocr_par' dir='ltr' id='par_1_19' title="bbox 927 2690 1671 2896">
     <span class='ocr_line' id='line_1_56' title="bbox 980 2690 1671 2734; baseline 0 -13"><span class='ocrx_word' id='word_1_391' title='bbox 980 2694 1027 2721; x_wconf 75' lang='lat'>12.</span> <span class='ocrx_word' id='word_1_392' title='bbox 1050 2693 1129 2734; x_wconf 80' lang='lat' dir='ltr'>Ejus</span> <span class='ocrx_word' id='word_1_393' title='bbox 1153 2691 1388 2733; x_wconf 60' lang='lat' dir='ltr'>competitores]</span> <span class='ocrx_word' id='word_1_394' title='bbox 1409 2690 1561 2722; x_wconf 81' lang='lat' dir='ltr'>Petebant</span> <span class='ocrx_word' id='word_1_395' title='bbox 1590 2696 1671 2722; x_wconf 86' lang='lat' dir='ltr'>cum</span> 
     </span>
     <span class='ocr_line' id='line_1_57' title="bbox 932 2733 1668 2777; baseline -0.003 -11"><span class='ocrx_word' id='word_1_396' title='bbox 932 2734 1057 2766; x_wconf 87' lang='lat' dir='ltr'>Milone</span> <span class='ocrx_word' id='word_1_397' title='bbox 1072 2736 1273 2766; x_wconf 74' lang='lat' dir='ltr'>Consulatum</span> <span class='ocrx_word' id='word_1_398' title='bbox 1287 2734 1323 2765; x_wconf 81' lang='lat' dir='ltr'>P.</span> <span class='ocrx_word' id='word_1_399' title='bbox 1345 2733 1486 2765; x_wconf 71' lang='lat' dir='ltr'>Plautius</span> <span class='ocrx_word' id='word_1_400' title='bbox 1501 2733 1668 2777; x_wconf 59' lang='lat' dir='ltr'>Hypsmus,</span> 
     </span>
     <span class='ocr_line' id='line_1_58' title="bbox 931 2777 1670 2818; baseline 0 -11"><span class='ocrx_word' id='word_1_401' title='bbox 931 2782 995 2808; x_wconf 82' lang='lat' dir='ltr'>el.</span> <span class='ocrx_word' id='word_1_402' title='bbox 974 2778 1008 2808; x_wconf 96' lang='lat'>7.</span> <span class='ocrx_word' id='word_1_403' title='bbox 1028 2777 1175 2809; x_wconf 75' lang='lat' dir='ltr'>Metellus</span> <span class='ocrx_word' id='word_1_404' title='bbox 1186 2777 1301 2818; x_wconf 70' lang='lat' dir='ltr'>Scipio.</span> <span class='ocrx_word' id='word_1_405' title='bbox 1318 2788 1380 2807; x_wconf 77' lang='lat' dir='ltr'>non</span> <span class='ocrx_word' id='word_1_406' title='bbox 1394 2779 1491 2807; x_wconf 61' lang='lat' dir='ltr'>solum</span> <span class='ocrx_word' id='word_1_407' title='bbox 1504 2778 1670 2817; x_wconf 64' lang='lat' dir='ltr'>largicione</span> 
     </span>
     <span class='ocr_line' id='line_1_59' title="bbox 927 2819 1670 2862; baseline 0.001 -12"><span class='ocrx_word' id='word_1_408' title='bbox 927 2820 1036 2862; x_wconf 58' lang='lat' dir='ltr'>pamm</span> <span class='ocrx_word' id='word_1_409' title='bbox 1045 2820 1185 2862; x_wconf 58' lang='lat' dir='ltr'>prosuffi,</span> <span class='ocrx_word' id='word_1_410' title='bbox 1199 2822 1355 2859; x_wconf 57' lang='lat' dir='ltr'>sedetiam</span> <span class='ocrx_word' id='word_1_411' title='bbox 1363 2819 1555 2859; x_wconf 71' lang='lat' dir='ltr'>factionibus</span> <span class='ocrx_word' id='word_1_412' title='bbox 1566 2830 1670 2851; x_wconf 79' lang='lat' dir='ltr'>arma-</span> 
     </span>
     <span class='ocr_line' id='line_1_60' title="bbox 932 2863 1398 2896; baseline 0 -2"><span class='ocrx_word' id='word_1_413' title='bbox 932 2870 1033 2896; x_wconf 71' lang='lat' dir='ltr'>torum</span> <span class='ocrx_word' id='word_1_414' title='bbox 1050 2865 1206 2896; x_wconf 75' lang='lat' dir='ltr'>succincti.</span> <span class='ocrx_word' id='word_1_415' title='bbox 1232 2863 1398 2896; x_wconf 80' lang='lat' dir='ltr'>Pedianus.</span> 
     </span>
    </p>
   </div>
   <div class='ocr_carea' id='block_1_13' title="bbox 1462 2909 1674 2963">
    <p class='ocr_par' dir='ltr' id='par_1_20' title="bbox 1462 2909 1674 2963">
     <span class='ocr_line' id='line_1_61' title="bbox 1462 2909 1674 2963; baseline -0.019 -13"><span class='ocrx_word' id='word_1_416' title='bbox 1462 2909 1674 2963; x_wconf 83' lang='lat' dir='ltr'>petitores,</span> 
     </span>
    </p>
   </div>
  </div>
 </body>
</html>
