1872 3140
109 149 193 184 :1⁶22
612 139 675 183 M.
706 137 913 181 TULLII
946 136 1268 181 CICERONIS

1561 189 1692 226 ectat:

187 254 295 305 lum,
330 264 377 295 ut
416 258 510 296 ante
544 253 643 302 dixi,
674 251 893 294 sedetiam
932 250 1106 301 cultura,
1138 259 1177 292 et
1215 250 1303 306 ipsa
1323 259 1467 293 natura
1496 240 1559 292 del

116 320 170 355 35
188 312 533 354 adminiculorum
567 310 744 359 ordines,
777 308 957 363 capitum
987 306 1163 365 jugatio,
1195 307 1373 363 religatio
1402 317 1442 350 et
1461 305 1696 364 propagatio

189 370 363 419 vitium,
417 375 797 422 sarmentorumque
844 380 905 415 ea,
937 379 1062 420 quam
1092 363 1192 414 dixi,
1233 365 1405 406 aliorum
1453 363 1695 419 amputatio,

190 426 363 467 aliorum
385 423 597 467 immissio.
659 422 773 465 Quid
795 436 867 478 ego
885 420 1164 477 irrigationes?
1190 421 1286 477 quid
1301 420 1496 462 fossiones
1513 421 1614 478 agri,
1632 435 1696 462 re-

188 482 560 538 pastinationesque
599 478 816 536 proferam,
849 478 998 535 quibus
1035 477 1078 518 fit
1116 477 1249 520 multo
1294 486 1399 519 terra
1435 477 1695 520 foecundior?

191 539 305 582 Quid
344 540 393 579 de
422 537 593 580 utilitate
627 537 769 593 loquar
799 535 1073 576 stercorandi?
1108 534 1193 576 dixi
1227 535 1269 576 in
1290 549 1338 575 eo
1358 534 1478 586 libro,
1507 549 1631 590 quem
1650 535 1701 576 de

118 605 173 640 40
191 596 309 638 rebus
339 595 498 637 rusticis
519 592 686 648 scripsi3
717 593 766 634 de
785 595 868 648 qua
886 591 1029 632 doctus
1051 590 1257 632 Hesiodus
1278 606 1328 632 ne
1345 601 1514 633 veroum
1534 591 1700 646 quidem

190 652 301 702 fecit,
325 654 420 693 cum
443 651 492 693 de
512 650 672 693 cultura
691 648 775 707 agri
793 648 995 690 scriberet.
1053 648 1114 689 At
1144 649 1368 698 Homerus,
1389 648 1459 704 qui
1480 647 1636 698 multis,
1655 656 1702 689 ut

191 709 295 752 mihi
317 708 488 759 videtur,
520 710 616 748 ante
651 706 811 749 saeculis
845 704 937 757 fuit,
967 706 1159 747 Laertem
1189 705 1406 747 lenientem
1441 703 1701 756 desiderium,

191 767 301 822 quod
319 765 503 821 capiebat
519 768 542 806 e
563 764 661 815 filio,
684 763 888 804 colentem
908 777 1067 819 agrum,
1088 771 1127 803 et
1147 777 1242 804 cum
1270 770 1560 803 stercorantem
1588 759 1703 803 facit.

189 825 286 866 Nee
316 825 410 865 vero
429 821 628 878 segetibus
649 820 800 870 solum,
822 818 960 874 pratis,
985 828 1025 860 et
1044 818 1187 870 vineis,
1209 828 1249 859 et
1268 818 1438 861 arbustis
1459 832 1519 860 res
1540 817 1705 859 rustica»,

122 881 299 922 -15laetae
320 889 430 931 sunt,
453 878 519 919 sed
551 877 673 919 etiam
709 876 838 918 hortis
872 885 912 917 et
952 875 1171 931 pomariis:
1203 885 1293 917 tum
1328 875 1533 931 pecudum
1568 883 1702 930 pastu,

193 938 334 993 apium
364 934 636 987 examinibus,
657 935 806 976 florum
837 932 1026 974 omnium
1065 933 1266 975 varietate.
1326 934 1420 975 Nec
1457 931 1706 974 consitiones

194 995 321 1035 modo
340 993 559 1044 delectant,
582 992 649 1034 sed
677 990 799 1032 etiam
830 989 1067 1033 insitiones:
1100 989 1250 1046 quibus
1286 988 1393 1032 nihil
1422 987 1578 1032 invenit
1596 989 1704 1046 agri-

195 1052 355 1093 cultura
375 1050 573 1092 solertius.

251 1109 375 1150 XVI.
408 1109 582 1149 Possum
609 1103 792 1161 persequi
810 1103 941 1146 multa
959 1103 1258 1145 oblectamenta
1277 1119 1409 1147 rerum
1431 1102 1672 1146 rusticarum
1691 1117 1704 1144 ε

194 1166 263 1207 sed
283 1180 329 1206 ea
347 1164 448 1221 ipsa,
472 1179 563 1219 quae
583 1162 684 1212 dixi,
707 1161 830 1202 fuisse
848 1160 979 1202 sentio
1015 1159 1212 1217 longiora.
1273 1159 1503 1217 Ignoscetis
1537 1169 1673 1202 autem
1693 1175 1705 1201 ε

194 1238 292 1264 nam
313 1232 352 1263 et
390 1221 524 1263 studio
555 1234 687 1261 rerum
720 1218 962 1259 rusticarum
996 1227 1206 1272 provectus
1237 1232 1347 1269 sum,
1370 1227 1410 1258 et
1442 1225 1627 1259 senectus
1649 1226 1711 1259 est

195 1282 343 1321 natura
376 1277 608 1334 loquacior:
657 1291 709 1317 ne
743 1275 793 1316 ab
828 1274 1023 1316 omnibus
1057 1289 1149 1315 eam
1177 1274 1285 1315 vitiis
1318 1275 1455 1316 videar
1489 1273 1707 1315 vindicare.

152 1344 176 1377 5
199 1338 305 1393 Ergo
340 1336 382 1377 in
417 1336 496 1376 hac
516 1333 602 1375 vita
620 1334 688 1374 M.
720 1333 885 1382 Curius,
907 1332 1004 1372 cum
1026 1331 1075 1372 de
1095 1331 1366 1382 Samnitibus,
1389 1330 1437 1372 de
1459 1329 1639 1382 Sabinis,
1661 1330 1711 1372 de

195 1393 352 1449 Pyrrho
374 1391 679 1446 triumph-asset,
702 1388 959 1444 consumpsit
974 1396 1203 1430 extremuni
1221 1398 1382 1443 tempus
1404 1386 1562 1440 aetatis;
1593 1387 1712 1444 cujus

196 1450 363 1507 quidem
402 1449 540 1490 villam
571 1462 646 1504 ego
677 1446 975 1501 conteniplanS,
1007 1444 1120 1486 abest
1157 1444 1270 1486 enim
1302 1459 1387 1486 non
1417 1443 1540 1501 longe
1570 1444 1597 1484 ἐι
1625 1459 1711 1496 me,

196 1506 387 1548 admirari
407 1505 502 1548 satis
531 1520 616 1546 non
637 1518 807 1560 possum
842 1501 902 1544 vel
941 1500 1123 1543 bominis
1161 1502 1286 1557 ipsius
1322 1499 1635 1552 continentiam,
1648 1500 1713 1542 vel

196 1575 432 1620 temporum
451 1562 726 1618 disciplinam,
788 1560 917 1602 Curio
950 1559 1001 1600 ad
1031 1557 1170 1600 focum
1207 1559 1361 1600 sedenti
1391 1572 1592 1615 magnum
1625 1557 1713 1600 auri

132 1629 183 1663 10
201 1622 361 1678 pondus
392 1620 598 1662 Samnites
633 1620 732 1659 cum
762 1617 1005 1666 attulissent,
1042 1616 1238 1671 repudiati
1275 1615 1325 1658 ab
1369 1631 1417 1656 eo
1461 1625 1578 1667 sunt3
1625 1629 1714 1657 non

1759 1064 1787 1106 ἤ

199 1693 311 1721 enim
333 1692 479 1720 aurum
500 1676 649 1718 habere
669 1674 909 1730 praeclarutn
932 1673 1009 1715 sibi
1031 1672 1154 1714 videri
1183 1672 1314 1725 dixit3
1347 1673 1415 1714 sed
1449 1672 1514 1724 iis,
1535 1670 1606 1738 qui
1637 1671 1714 1713 ha-
1759 1703 1763 1710 ,

198 1737 342 1777 berent
379 1750 539 1785 aurum,
571 1732 782 1786 imperare.
845 1733 1057 1772 Poteratne
1087 1738 1221 1772 tantus
1256 1729 1420 1771 animus
1452 1744 1539 1771 non
1562 1743 1717 1786 jucun-

200 1793 296 1834 dam
330 1793 483 1833 efficere
515 1790 798 1831 senectutem?
834 1788 912 1829 Sed
943 1787 1061 1828 venio
1099 1787 1146 1828 ad
1177 1787 1389 1843 agricolas,
1417 1802 1470 1828 ne
1503 1789 1529 1829 a
1557 1785 1716 1841 meipso

201 1850 403 1892 recedam.
466 1850 514 1889 In
538 1847 641 1904 agris
662 1855 772 1886 erant
792 1854 879 1886 tum
903 1846 1112 1886 senatore:
1131 1854 1170 1885 et
1190 1844 1313 1886 iidem
1334 1858 1474 1895 senes3
1508 1843 1716 1899 siquidem

137 1913 185 1948 15
203 1906 331 1948 aranti
353 1908 404 1947 L.
426 1904 628 1948 Quinctio
667 1901 919 1944 Cincinnato
958 1901 1202 1943 nunciatum
1231 1910 1307 1952 est,
1328 1916 1423 1942 eum
1458 1899 1717 1942 Dictatorem

202 1979 287 2005 esse
303 1962 458 2004 factum
477 1978 485 2003 :
519 1961 635 2017 cujus
650 1958 1004 2014 Dictatorisjussu
1022 1958 1219 2015 Magister
1237 1958 1440 2014 Equitum
1453 1958 1506 2000 C.
1525 1956 1720 1999 Servilius

201 2020 339 2063 Ahala
361 2021 433 2074 Sp.
453 2019 645 2061 Maelium
666 2032 835 2073 regnum
857 2025 1130 2071 appetentem,
1152 2025 1400 2070 occupatum
1420 2013 1646 2056 interemit:
1694 2016 1720 2056 a

204 2077 299 2120 villa
328 2077 369 2118 in
393 2078 588 2118 Senatum
606 2073 910 2116 arcessebantur
928 2082 965 2113 et
989 2072 1139 2113 Curius
1160 2082 1198 2113 et
1218 2071 1353 2114 caeteri
1380 2086 1520 2122 senes;
1552 2086 1600 2112 ex
1621 2085 1720 2127 quo,

209 2136 278 2191 qui
312 2149 379 2174 eos
412 2133 680 2181 arcessebant,
705 2130 874 2171 viatores
904 2129 1107 2170 nominati
1148 2138 1273 2170 sunt:
1305 2143 1407 2169 num
1431 2127 1552 2184 igitur
1571 2128 1723 2169 horum

140 2200 192 2233 zo
207 2202 392 2233 senectus
427 2189 666 2231 miserabilis
701 2186 793 2237 fuit,
826 2186 894 2242 qui
919 2201 957 2227 se
987 2185 1069 2242 agri
1093 2186 1272 2227 cultione
1292 2184 1583 2226 oblectabant?
1618 2186 1724 2226 Mea

209 2249 374 2306 quidem
409 2247 609 2287 ”ententia
643 2244 751 2285 haud
784 2244 884 2294 scio,
907 2258 956 2284 an
997 2243 1078 2283 ulla
1109 2243 1263 2284 beatior
1294 2257 1379 2282 esse
1399 2240 1555 2296 possit:
1587 2256 1722 2298 neque

209 2306 344 2348 solum
368 2304 518 2355 officio,
549 2303 657 2359 quod
693 2300 913 2342 hominum
945 2300 1082 2356 generi
1118 2298 1306 2341 universo
1339 2299 1499 2341 cultura
1532 2313 1722 2355 agrorum

208 2372 267 2404 e.-t
289 2360 468 2403 salutaris
488 2377 500 2411 3
533 2360 600 2400 sed
633 2367 672 2399 et
709 2357 990 2408 delectatione,
1014 2371 1139 2412 quam
1174 2357 1272 2407 (lixi,
1296 2364 1334 2396 et
1355 2356 1559 2397 saturitate
1580 2355 1721 2410 copia-

208 2434 287 2476 que
310 2418 501 2459 omnium
532 2431 683 2465 rerum,
715 2431 809 2471 quae
836 2415 883 2455 ad
907 2414 1062 2455 victum
1093 2414 1330 2464 hominum,
1353 2413 1400 2454 ad
1422 2413 1579 2454 cultum
1599 2412 1723 2454 etiam

138 2484 189 2518 25
209 2478 378 2518 deorum
401 2484 602 2529 pertinent
625 2490 631 2513 :
667 2481 726 2523 ut,
763 2471 959 2526 quoniam
990 2472 1081 2511 haec
1117 2470 1286 2526 quidam
1308 2469 1549 2520 desiderant,
1572 2469 1615 2510 in
1635 2483 1727 2526 gra-

208 2533 308 2575 tiam
339 2534 428 2586 ‚iar-‚1
460 2546 555 2573 cum
588 2529 792 2584 voluptate
822 2528 1044 2569 redeamus,
1107 2529 1274 2583 Semper
1305 2526 1416 2568 enim
1437 2526 1536 2568 boni
1554 2525 1726 2567 assidui-

210 2606 289 2648 que
318 2587 475 2630 domini
503 2586 644 2628 referta
678 2586 778 2626 cella
802 2585 971 2635 vinaria,
1007 2584 1168 2636 olearia,
1199 2585 1322 2625 etiam
1352 2583 1514 2639 penaria
1551 2591 1625 2633 est,
1647 2582 1725 2624 vil-

206 2648 327 2703 laque
361 2655 445 2686 tota
474 2644 656 2698 locuples
691 2652 779 2693 est3
830 2641 1008 2682 abundat
1039 2656 1178 2696 porco,
1216 2641 1357 2694 hoedo,
1391 2654 1515 2696 agno,
1555 2639 1725 2695 gallina,

206 2705 324 2754 lacte,
362 2717 494 2746 caseo,
528 2700 657 2742 melle.
716 2701 812 2740 ,lam
844 2699 1010 2740 hortum
1043 2699 1117 2753 ipsi
1153 2698 1340 2754 agricolae
1369 2697 1592 2738 succidiam
1625 2695 1725 2737 alte·
1760 2724 1763 2727 -

141 2769 193 2801 «²0
209 2776 296 2801 rara.
318 2759 534 2815 sppellant.
597 2757 837 2798 Conditiora
870 2755 966 2796 facit
997 2756 1086 2796 haec
1123 2753 1408 2810 supervacanei
1426 2754 1723 2809 operis-aucu-

208 2818 322 2874 pium
355 2826 474 2871 atque
511 2816 685 2856 venat-20.
750 2812 863 2856 Quid
901 2813 950 2852 de
983 2822 1189 2867 pratorum
1218 2810 1432 2863 viriditate,
1449 2821 1519 2852 aut
1534 2810 1725 2852 arborum

1494 2866 1725 2918 ordinibus,
