1872 3140
0 168 3 212 l

0 215 4 254 l

0 261 2 298 ἱ

0 316 2 348 ἱ

0 354 3 385 Ι

0 429 5 450 ι

107 157 190 195 352

618 152 682 195 M.
714 151 930 194 TULLII·
948 149 1260 197 CICERONIS

776 397 1120 441 EXORDIUM.

240 573 271 612 Ι.
302 569 610 611 DlUTURNI
636 569 804 619 silentii,
828 570 876 611 P.
900 568 949 611 C.
983 583 1066 624 quo
1096 583 1208 610 eram
1236 566 1300 611 his
1328 570 1575 625 temporibus
1593 580 1703 624 usus,

183 645 266 670 ΠΟΠ
316 640 462 669 tlmOre

521 627 671 682 aliquO,
720 628 791 667 sed
850 627 998 683 pai-tim
1044 627 1201 676 dolore,
1255 627 1401 681 partim
1447 627 1734 680 verecundiaf

182 688 277 727 fine
271 700 308 725 n
350 685 571 725 hodiernus
611 684 695 724 dies
733 684 891 734 attulit3
939 684 1131 739 idemque
1166 684 1391 734 initium‚⁸

183 757 356 798 quaeque
397 741 604 791 sentirem,
639 755 733 781 meo
772 741 944 795 pristino
983 755 1097 782 more
1135 741 1310 783 dicendi.

141 811 165 847 5
185 799 552 848 mansuetudinem,
583 809 666 839 tam
707 798 937 839 inusitatam
971 798 1276 878 inauditamque
1312 797 1585 849 clementiam,
1614 809 1709 840 tan-

1417 697 1509 739 quae
1541 686 1706 736 vellem,

1378 740 1555 782 Tantam
1593 742 1705 784 enim

185 870 272 897 tum
294 857 334 896 in
371 870 528 898 summa
558 865 759 921 potestate
784 869 922 896 rerum
951 856 1135 896 omnium
1155 856 1385 905 modurn,
1414 865 1500 896 tam
1527 854 1707 912 denique
1748 880 1751 885 ·

183 914 465 954 incredibilem
513 912 749 967 sapientiam
789 927 834 952 ac

183 971 391 1026 praeterire
440 984 616 1024 possum

878 910 982 967 pene
1021 912 1200 953 divinam
1239 912 1384 954 tacitus
1428 913 1541 952 nullo
1579 913 1707 954 modo

695 966 762 1007 M.
803 969 914 1010 enim
962 968 1161 1010 Marcello
1210 969 1339 1017 vobis,
1375 968 1422 1010 P.
1471 967 1523 1010 C.
1563 969 1707 1026 reique

184 1030 296 1083 publ.
341 1028 516 1077 reddito,
564 1041 649 1068 non
691 1023 824 1067 solum
868 1026 989 1076 illius,
1034 1027 1104 1067 sed
1148 1041 1281 1067 meam
1322 1025 1444 1067 etiam
1482 1039 1625 1067 vocem
1665 1035 1708 1068 et

188 1154 272 1183 tam
316 1153 432 1196 puto.

115 1098 168 1133 10
186 1085 481 1133 auctoritatem,
529 1094 569 1125 et
617 1082 731 1123 vobis
773 1093 815 1123 et
857 1083 1088 1138 reipublicae
1137 1094 1413 1124 conservatam
1455 1098 1501 1124 ac
1547 1083 1712 1124 restitu·
1738 1094 1747 1106 ‘

506 1141 712 1181 Dolebam
761 1140 888 1189 enim,
929 1140 976 1181 P.
1018 1140 1066 1181 C.

1116 1155 1161 1180 ac
1209 1141 1478 1182 vehementer
1519 1139 1712 1196 angebar,

187 1214 283 1240 cum
315 1200 515 1248 riderem,
547 1200 680 1240 virum
717 1198 855 1248 talem,
883 1198 953 1253 qui
988 1197 1030 1238 in
1065 1195 1210 1238 eadem
1245 1211 1363 1240 causa
1400 1207 1519 1248 esset,
1552 1197 1613 1238 in
1618 1193 1713 1252 qu&

709 1352 1207 1412 INTERPRETATIO.

195 1551 210 1565 ⁸
221 1541 382 1594 loquendi
395 1556 468 1580 meo
479 1542 638 1593 pristino
651 1555 745 1580 more
760 1554 801 1580 ea
816 1554 890 1592 quae
907 1540 1038 1586 vellem,
1056 1544 1089 1576 et
1103 1552 1177 1589 (μσς
1190 1541 1371 1579 sentirem.
1398 1539 1415 1560 ¹³
1428 1525 1711 1579 moderationum

240 1772 270 1799 1.
288 1769 432 1801 Diuturni
445 1767 575 1808 silentia]
599 1767 667 1800 Diu
683 1768 813 1799 siluerat
825 1768 937 1798 Cicero

197 1820 323 1854 propter
333 1813 412 1844 illud
419 1813 542 1843 bellum
549 1812 641 1842 civile
648 1813 732 1851 quod
741 1812 936 1850 Pompeium

197 1858 280 1888 inter
300 1865 332 1887 et
347 1858 509 1886 Caesarem
526 1862 699 1892 exarserat3
723 1855 776 1884 alii
797 1855 886 1885 enirn
901 1854 935 1884 in

198 1901 276 1932 alias
285 1899 378 1930 urbes
388 1909 419 1930 se
429 1901 593 1929 Senatores
605 1905 800 1937 receperan13
825 1897 876 1927 alii
890 1906 938 1926 se-

199 1943 266 1974 cuti
279 1943 601 1981 fuerantPOmpeiurn
605 1941 824 1981 ‚utipseCicer
826 1951 856 1971 o.
861 1950 939 1970 cum

199 1987 334 2018 multis
326 1997 342 2015 e
357 1986 563 2026 primoribus:
589 1994 685 2024 quare
701 1984 787 2015 Ron
790 1995 814 2014 ae
829 1983 940 2014 nullus

201 2032 279 2061 tu'nc
291 2029 426 2059 Senatus
441 2029 627 2058 habebatur.
650 2028 774 2058 Deinde
785 2037 860 2057 cum
875 2027 942 2067 ipse

199 2083 219 2103 a
235 2073 357 2103 Caesare
373 2072 535 2102 restitutus
553 2081 584 2101 es
589 2078 611 2107 t,
628 2070 721 2101 latuit
725 2079 854 2111 ,neque
870 2080 940 2100 sen·

200 2116 335 2146 tentiam
351 2116 428 2145 dixit
447 2115 622 2144 ira-Semta.

242 2159 288 2189 lb.
313 2158 417 2190 Patres
435 2157 609 2196 conscripti]
632 2157 790 2188 Ordinum
806 2155 942 2185 varieta-

200 2208 266 2233 tem
292 2201 400 2232 intulit
423 2200 584 2230 Romulus
605 2200 637 2229 in
653 2209 746 2229 suam
769 2198 942 2229 civitatem.

202 2246 289 2276 Idem
306 2245 394 2282 enim
418 2243 586 2278 Senatum,
606 2244 690 2273 idem
706 2242 831 2281 equites
853 2241 942 2271 insti-

202 2289 279 2318 tuit:
316 2289 369 2318 sed
399 2288 456 2328 qui
493 2295 597 2325 neque
633 2287 796 2316 Senatores
835 2294 942 2325 neque

204 2332 337 2371 Equites
353 2337 466 2366 essent,
482 2338 535 2358 eos
552 2329 584 2359 in
598 2330 690 2359 tertio
706 2328 811 2359 Plebis
834 2328 942 2357 ordine

205 2375 342 2414 reliquit.
367 2375 532 2404 Senatores
547 2378 656 2403 autem
668 2371 856 2405 nominavit,
862 2380 943 2409 quos

202 2419 243 2448 ad
270 2417 526 2447 consultationes
552 2416 590 2445 de
617 2415 739 2454 Repub.
768 2414 944 2451 advocavit,

203 2460 293 2499 quod
309 2462 375 2491 ad
363 2470 452 2490 senes
471 2460 533 2489 fere
556 2464 587 2488 et
609 2457 743 2496 majores
767 2464 843 2486 natu
861 2457 943 2487 acci-

203 2505 241 2533 ‹l‹
245 2511 303 2540 ret,
320 2504 360 2534 ad
376 2512 454 2543 quos
467 2503 505 2532 de
519 2510 647 2531 summa
661 2500 785 2540 Repub.
805 2500 943 2537 referret,

203 2554 303 2588 :itque
317 2555 357 2577 ex
370 2555 484 2577 eorum
497 2544 685 2575 auctoritate
706 2543 817 2573 omnia
829 2550 944 2582 egeret,

204 2599 279 2628 quae
297 2584 425 2628 publice
442 2588 502 2618 sibi
521 2587 723 2626 suscipienda
741 2586 944 2616 existimaret.

205 2633 343 2667 Eosdem
358 2634 455 2662 ctiam
472 2632 580 2661 Patres
595 2629 778 2670 appellavit,
794 2637 910 2667 nempe
926 2638 945 2657 a

207 2684 293 2706 cura:
315 2675 538 2711 similitudine,
552 2681 589 2703 ut
606 2673 731 2713 scripsit
755 2673 788 2703 in
804 2671 948 2702 Catilinae

207 2718 426 2759 conjuratione
438 2717 614 2747 Sallustius.
646 2716 737 2746 Unde
753 2714 950 2755 procedenti-

206 2759 271 2791 bus
295 2761 490 2801 temporibus
511 2760 615 2791 Patres
638 2758 817 2798 Conseripti
842 2758 948 2788 nomi-

209 2804 275 2834 nati
295 2811 382 2839 sunt,
402 2803 455 2843 qui
474 2804 507 2833 in
528 2803 662 2833 Novum
684 2802 838 2832 Senatum
860 2806 949 2831 erant

208 2845 296 2885 lsscssi
311 2847 458 2886 quamvis
471 2845 632 2887 postremo
640 2854 718 2877 usus
727 2844 952 2884 obtinuerit‚ut

979 1775 1093 1798 omnes
1108 1763 1269 1797 Senatores
1282 1775 1349 1796 uno
1361 1766 1497 1796 Patrum
1512 1765 1720 1805 Conscripto-
1749 1798 1753 1801 ,

979 1820 1054 1840 rum
1070 1819 1202 1840 nomme
1215 1816 1412 1840 vocarentur.

1023 1856 1052 1883 fl.
1070 1853 1139 1883 Non
1149 1853 1246 1882 timore
1257 1851 1360 1892 aliquo.
1365 1850 1380 1893 ]
1399 1852 1436 1882 ld
1447 1851 1524 1883 dicit
1536 1851 1576 1882 ad
1588 1849 1721 1882 coneili-

981 1896 1100 1928 andam
1116 1896 1249 1926 Caesaris
1270 1896 1329 1925 sibi
1345 1894 1617 1925 benevolentiam.
1641 1894 1721 1934 quid

982 1941 1070 1970 enim
1084 1940 1124 1970 ab
1134 1949 1172 1969 eo
1188 1939 1299 1969 timete
1312 1944 1444 1978 poterat,
1459 1947 1478 1967 a
1494 1947 1562 1978 quo
1574 1943 1642 1968 tam
1657 1938 1720 1968 hu-

984 1983 1121 2013 maniter
1143 1988 1297 2022 exceptus
1318 1988 1375 2019 est,
1394 1979 1564 2032 praecipue
1574 1989 1652 2019 cum
1674 1979 1722 2017 illi

984 2026 1056 2056 obv
1051 2035 1113 2056 iarn
1129 2026 1216 2055 venit
1231 2025 1374 2055 redeunti
1393 2035 1432 2054 ex
1444 2021 1537 2054 Asia'
1530 2033 1563 2054 m
1573 2015 1721 2062 Italiam,

983 2075 1021 2099 ut
1043 2069 1140 2098 enim
1153 2068 1341 2098 Plutarchus
1364 2067 1474 2098 scribit
1497 2067 1532 2097 in
1555 2066 1723 2105 Cicerone,
1737 2077 1750 2084 ·

948 2142 951 2143 ⁷
984 2121 1050 2141 non
1066 2109 1149 2150 prius
1173 2111 1277 2140 Caesar
1299 2110 1446 2140 Tullium
1466 2116 1541 2140 ante
1563 2107 1640 2139 alios
1662 2108 1722 2138 sibi

984 2160 1206 2186 occurrentem
1248 2153 1340 2189 vidit,
1381 2151 1480 2192 quarn
1519 2151 1723 2186 descenderit,

985 2197 1181 2231 salutaverit,
1207 2205 1348 2235 cumque
1374 2205 1412 2226 eo
1435 2194 1503 2226 solo
1527 2193 1725 2234 colloquenti

986 2239 1091 2271 multa
1105 2240 1204 2270 stadia
1218 2240 1412 2289 processerit.
1452 2238 1541 2268 Adde
1557 2236 1644 2277 quod
1659 2238 1726 2267 sin·

985 2281 1086 2322 gulari
1105 2279 1276 2314 clementii
1298 2289 1330 2312 et
1352 2279 1453 2313 animi
1468 2280 1597 2324 lenitate
1615 2279 1726 2323 praedi

988 2333 1038 2356 tus
1053 2332 1100 2356 est
1117 2326 1230 2356 Caesar.
1637 2344 1655 2354 -

1031 2370 1077 2399 lb.
1103 2368 1214 2400 Partim
1227 2369 1335 2399 dolore.
1338 2369 1353 2407 ]
1375 2367 1399 2397 P
1403 2367 1485 2398 rima
1496 2376 1593 2398 causa
1603 2365 1673 2406 ejus
1684 2365 1726 2396 si-

987 2412 1075 2442 lenti
1059 2422 1077 2442 ἰ
1091 2412 1179 2442 dolor
1190 2413 1268 2450 fuit3
1292 2421 1394 2453 quam
1408 2421 1448 2441 ex
1457 2407 1598 2441 absentia
1609 2416 1640 2440 et
1651 2418 1727 2440 casu

989 2455 1135 2486 Marcelli
1152 2436 1355 2495 percipiebat,
1369 2453 1457 2494 quod
1479 2452 1556 2484 οὖσι
1567 2453 1601 2483 in
1616 2450 1730 2483 eadem

989 2508 1063 2528 caus
1067 2510 1082 2528 a
1106 2499 1226 2534 fuisset,
1248 2508 1313 2538 qua
1335 2498 1458 2534 Cicero,
1473 2506 1539 2527 non
1561 2497 1594 2527 in
1615 2492 1729 2526 eadem

989 2539 1116 2571 fortuna
1130 2541 1198 2581 jam
1215 2548 1313 2571 esset·
1341 2540 1452 2571 Cicero
1468 2539 1609 2580 pristinae
1623 2537 1730 2578 digni-

991 2585 1043 2615 tati
1063 2585 1201 2615 redditus
1213 2592 1268 2618 cst,
1281 2590 1314 2615 et
1329 2584 1381 2614 M.
1395 2583 1532 2614 relictus.

1031 2627 1074 2657 lb.
1087 2627 1197 2658 Partim
1207 2627 1383 2658 verecundia.
1387 2625 1613 2668 ]Verecundia
1623 2630 1730 2655 metus

992 2677 1039 2700 est
1068 2671 1228 2700 infan-iae·
1221 2693 1230 2708 ,
1264 2670 1400 2718 pudebat
1426 2670 1514 2700 enim
1542 2668 1731 2698 Ciceronem

992 2714 1059 2743 sine
1072 2713 1230 2744 Marcello
1242 2714 1435 2743 sententiam
1445 2710 1567 2743 dicere
1559 2721 1593 2742 in
1603 2711 1731 2741 Senatu·

1038 2758 1086 2786 12.
1100 2756 1143 2786 In
1150 2757 1247 2786 eddem
1256 2756 1351 2786 causti.
1354 2756 1368 2794 ]
1381 2757 1517 2786 Secutus
1526 2755 1628 2786 fuerat
1639 2752 1730 2783 Mav-

992 2798 1092 2829 cellus
1116 2799 1216 2841 Pom1
1220 2801 1256 2831 ei·
1252 2809 1307 2832 zm
1335 2809 1414 2845 cum
1440 2797 1593 2831 Cicerone
1620 2801 1732 2828 comta

992 2842 1162 2875 Caesarem

1656 2950 1732 2992 ego
