1872 3135
22 930 117 959 mm

175 175 225 210 13

174 291 228 325 20
242 287 342 341 quid
377 303 462 331 esse
488 288 661 333 videare.

641 176 710 220 M.
742 175 950 220 TULLII
984 178 1308 225 CICERONIS

735 293 794 334 Ut
820 291 862 334 in
900 293 1106 336 actoribus
1137 297 1298 339 Graecis
1330 297 1415 340 fieri
1440 298 1642 352 videmus,
1659 314 1770 357 saepe

242 344 361 409 ill-um
393 348 462 403 qui
504 358 563 388 est
602 351 889 401 secundarum,
925 360 996 392 aut
1033 351 1238 396 tertiarum
1279 356 1474 409 partium,
1507 360 1605 399 cum
1639 358 1770 414 possit

244 403 456 459 aliquanto
498 404 646 446 clarius
678 405 825 458 dicere,
867 409 997 463 quam
1038 408 1122 463 ipse
1157 412 1400 466 primarum,
1432 414 1615 456 multum
1653 431 1767 458 sum-

242 460 420 512 mittere,
439 471 484 503 ut
504 462 572 504 ille
593 462 780 517 prinecps
809 465 939 520 quam
971 465 1159 507 maxime
1182 469 1376 511 excellat:
1412 471 1469 511 sic
1490 472 1610 513 faciet
1631 472 1766 514 Allie-

243 531 348 560 nus:
382 518 456 560 tibi
486 519 644 572 serviet,
681 520 755 562 tibi
790 521 1108 574 lenocinabitur,
1140 526 1281 567 minus
1302 526 1512 583 aliquanto
1530 529 1766 583 contendet,

173 587 224 622 25
242 575 370 631 quam
388 585 534 630 potest.

272 689 279 695 ι
299 634 430 674 XIII.
462 635 555 676 Jam
578 634 658 676 hoc
679 635 948 689 considerate,
967 635 1202 694 cujusmodi
1224 646 1478 680 accusatores
1500 638 1542 680 in
1565 649 1679 682 tauto
1695 641 1768 698 ju-

243 689 349 731 dicio
367 690 496 732 simus
514 691 692 734 babituri
714 710 722 734 :
758 696 856 735 cum
873 707 914 735 et
928 694 1016 750 ipse
1031 695 1223 737 Allienus
1236 709 1282 735 ex
1303 695 1354 735 ea
1373 693 1578 748 facultate,
1594 697 1626 738 si
1639 713 1768 754 quam

239 746 379 800 habet,
420 747 676 806 aliquantum
708 751 959 793 detracturus
991 752 1057 804 sit,
1089 763 1130 796 et
1169 751 1365 793 Caecilius
1396 763 1484 793 tum
1521 753 1698 810 denique
1726 770 1769 797 se

241 803 395 860 aliquid
433 805 617 848 futurum
668 818 797 864 putet,
839 808 872 849 si
902 808 1093 851 Allienus
1132 808 1274 850 minus
1303 810 1525 851 vehemens
1560 810 1697 863 fuerit,
1728 823 1770 854 ct

201 875 223 908 5
241 861 317 904 sibi
339 862 490 919 primas
513 864 555 905 in
576 865 749 906 dicendo
765 867 912 923 parteis
929 867 1190 909 concesserit.
1250 867 1458 909 Quartum
1480 883 1602 923 quem
1622 868 1673 911 sit
1689 870 1766 911 ha-

243 919 416 970 biturus,
439 937 525 963 non
545 922 677 974 video,
696 923 774 964 nisi
806 938 928 980 quem
965 924 1071 965 forte
1102 939 1150 965 ex
1180 923 1250 965 illo
1285 939 1406 981 grege
1436 924 1676 978 Oratorum,
1696 927 1768 983 qui

239 979 587 1034 subscriptionem
633 980 711 1022 sibi
757 981 1033 1036 postularunt,
1066 989 1082 1006 ²
1119 981 1351 1036 cuicunque
1397 975 1525 1023 νόΞ-“
1517 982 1767 1026 delationem

239 1035 465 1078 dedissetis.

237 1103 286 1134 ut
307 1093 383 1135 tibi
415 1097 432 1122 ¹²
462 1096 611 1150 hospes
645 1095 790 1151 aliquis
825 1096 877 1137 sit
914 1096 1185 1152 recipiendus.

173 1161 223 1196 10
239 1159 402 1193 tantum
435 1152 634 1194 honorem
668 1153 898 1205 habiturus,
931 1164 977 1195 ut
1011 1155 1059 1195 ad
1091 1168 1138 1194 ea
1176 1168 1270 1210 quae
1299 1151 1490 1205 dixerint,
1523 1163 1632 1196 certo
1652 1155 1762 1208 loco,

527 1038 590 1078 Ex
610 1038 761 1094 quibus
789 1038 1052 1080 alienissimis
1081 1037 1340 1089 hominibus,
1367 1038 1425 1080 ita
1452 1050 1614 1093 paratus
1633 1041 1766 1094 venis,

1246 1095 1415 1138 Quibus
1445 1110 1521 1153 ego
1556 1112 1643 1139 non
1672 1113 1768 1141 sum

240 1218 311 1250 aut
339 1209 575 1265 singulatim
628 1211 852 1267 unicuique
898 1211 1182 1267 respondeam.
1245 1210 1315 1252 Sic
1351 1210 1539 1263 breviter,
1565 1212 1767 1268 quoniam

202 1299 206 1303 .
235 1281 323 1307 non
343 1267 549 1319 consulto,
573 1268 639 1308 sed
663 1283 773 1319 casu,
799 1275 842 1310 in
862 1284 1005 1310 eorum
1026 1268 1286 1310 mentionem
1322 1267 1466 1319 incidi,
1501 1269 1618 1325 quasi
1655 1285 1764 1325 prae·

237 1324 386 1365 teriens
406 1323 652 1367 satisfaciam
676 1326 888 1368 universis.

949 1327 1166 1369 Tanta-ne
1185 1325 1301 1366 vobis
1332 1325 1474 1381 iuopia
1504 1326 1643 1369 videor
1678 1342 1766 1370 esse

237 1381 487 1433 amicorum,
509 1395 555 1424 ut
582 1383 688 1424 mihi
709 1399 794 1425 non
816 1400 863 1424 ex
887 1383 966 1436 his,
1000 1399 1103 1439 quos
1138 1398 1306 1425 mecum
1335 1383 1591 1435 adduxerim,
1626 1385 1694 1426 sed
1715 1385 1766 1427 de

170 1450 219 1487 15
237 1439 389 1495 populo
420 1439 672 1495 subscriptor
702 1442 898 1483 addatur?
933 1441 1047 1484 vobis
1079 1451 1216 1482 autem
1253 1449 1365 1482 tanta
1413 1441 1553 1496 inopia
1600 1457 1765 1484 reorum

235 1505 311 1548 est,
334 1507 380 1539 ut
398 1497 504 1539 mihi
534 1513 698 1540 cau=am
729 1498 945 1554 praeripere
973 1497 1184 1541 conemini
1216 1497 1369 1553 potius,
1399 1497 1524 1553 quam
1547 1497 1706 1555 aliquos
1738 1500 1768 1541 ὲ

236 1554 437 1596 columna
469 1555 637 1598 Moenia
669 1555 790 1597 vestri
825 1556 980 1598 ordinis
1018 1571 1106 1597 reos
1140 1554 1378 1610 reperiatis?
1421 1554 1666 1612 Custodem,
1696 1555 1766 1600 in-

235 1611 340 1667 quit,
370 1612 510 1656 Tullio
548 1627 617 1657 me
648 1612 855 1676 apponite.

934 1613 1086 1657 Quid?
1137 1611 1246 1654 mihi
1282 1614 1411 1668 quam
1441 1610 1583 1655 multis
1622 1622 1764 1656 custo·

235 1669 356 1712 dibus
383 1685 488 1726 opus
519 1670 610 1723 erit,
641 1686 673 1713 ει
705 1682 742 1712 te
764 1671 888 1713 semel
910 1672 956 1714 ad
982 1685 1094 1712 meas
1116 1685 1257 1726 capsas
1288 1669 1526 1712 admisero?
1570 1670 1643 1728 qui
1676 1685 1766 1715 non

388 1787 404 1805 ²
415 1795 651 1834 quemcunque
668 1796 731 1819 vos
744 1783 1015 1821 constituisse-tis
1034 1790 1286 1819 accusatorem.

275 1887 329 1918 ΩΟ.
354 1888 394 1918 In
410 1888 582 1928 actoribus]
608 1888 832 1920 Histrionibus
843 1898 970 1930 nempe.

278 1934 332 1963 21.
356 1932 583 1972 secundarum]
611 1934 646 1963 In
662 1932 779 1964 fabulis
793 1933 974 1974 primarum

233 1977 378 2020 partium
407 1988 543 2020 persona
573 1985 653 2014 erat,
682 1988 753 2018 quae
771 1975 884 2019 saepius
900 1988 975 2019 pro-

232 2021 324 2052 dibat
347 2021 381 2052 in
396 2033 522 2054 scenam
535 2034 544 2060 3
567 2021 791 2060 secundarum,
817 2032 887 2063 quae
913 2021 975 2051 mi-

233 2064 304 2103 Πῦε,
316 2066 380 2097 &c.

276 2111 330 2140 24.
346 2108 611 2148 Lenocinabitur]
636 2108 831 2141 Lenocinari
844 2116 890 2141 est
901 2120 975 2151 gra·

231 2154 312 2186 tiam
342 2154 403 2185 sibi
434 2154 616 2191 conciliare,
646 2164 720 2185 narn
748 2154 901 2186 lenonum
928 2163 975 2185 est

230 2199 401 2230 conciliare
411 2199 551 2241 gratiam
564 2199 648 2229 inter
664 2206 832 2229 amatores.

274 2243 306 2274 6.
330 2244 385 2274 Ea·
399 2244 450 2274 illo
464 2243 577 2284 grege]
603 2243 660 2273 Ad
676 2250 899 2285 contemptum
915 2254 973 2273 vo-

231 2295 282 2319 cat
302 2298 450 2331 gregem,
471 2297 587 2328 nempe
617 2287 782 2318 sordidum
805 2295 837 2318 et
866 2287 972 2328 abjec-

229 2339 301 2364 tum
316 2343 418 2374 genus
433 2331 679 2368 causidicorum,
695 2331 750 2372 qui
777 2330 973 2362 adhibeban-

228 2385 285 2408 tur
298 2376 339 2407 ad
354 2386 480 2408 moram
505 2375 697 2413 faciendam,
720 2376 799 2407 dum
823 2375 974 2407 meliores

229 2420 460 2464 reperirentur.

272 2467 305 2496 8.
327 2465 382 2497 Ex
396 2465 502 2508 quibus
517 2462 730 2502 alienissimis]
757 2463 794 2494 Id
810 2470 868 2501 cst,
887 2465 972 2495 Ora-

227 2516 315 2541 tores
337 2510 400 2548 isti,
418 2510 462 2541 sic
487 2507 625 2550 explicat
653 2508 892 2546 Hotomannus,
916 2508 973 2550 qui

226 2553 496 2597 subscriptionem
527 2551 587 2583 sibi
613 2551 831 2594 postularunt,
867 2552 969 2583 nihilo

225 2598 332 2640 magis
343 2598 459 2630 versati
470 2607 544 2628 sunt
558 2597 590 2627 in
604 2595 744 2638 judiciis,
757 2599 853 2637 quam
867 2604 901 2627 tu
914 2603 969 2627 aut

224 2642 398 2684 Apuleius,
413 2643 557 2684 adeoque
582 2639 600 2670 ἰι
615 2640 686 2671 foro
716 2639 813 2671 alieni
841 2649 913 2671 sunt
937 2647 969 2672 et

224 2685 331 2727 ignari
347 2686 536 2730 disciplinae,
552 2684 852 2726 consuetudinisque
862 2684 970 2715 foren-

225 2729 280 2766 sis,
294 2738 343 2768 ut,
361 2729 434 2763 cum
446 2740 481 2762 tu
494 2738 526 2761 te
543 2739 648 2772 speres
662 2739 751 2771 posse
768 2727 807 2759 ab
822 2728 861 2758 iis
876 2739 969 2759 usum

227 2774 452 2818 rationemque
467 2774 628 2805 forensem
654 2773 828 2809 addiscere,
854 2776 966 2803 contra

224 2816 288 2860 ipsi
304 2818 365 2851 tibi
389 2818 526 2853 docendi
556 2817 619 2848 sint
649 2825 802 2858 tanquam
829 2815 971 2858 hospites

1422 1779 1438 1805 θ
1449 1783 1603 1831 ignotus.
1614 1775 1649 1815 ’ἶ

1067 1888 1113 1917 13.
1138 1887 1167 1918 T
1167 1884 1293 1918 anui-ne
1318 1887 1400 1919 uobis
1425 1886 1548 1928 inopie-J
1574 1889 1613 1922 Id
1636 1896 1696 1928 est,
1717 1889 1763 1924 ita

1019 1930 1191 1962 destitutus
1207 1931 1312 1972 gratia
1329 1932 1414 1973 apud
1429 1931 1563 1973 judices.

1066 1976 1115 2005 14.
1141 1976 1200 2005 Sed
1212 1976 1247 2005 de
1261 1976 1366 2016 populo
1389 1976 1594 2017 subscriptam]
1620 1980 1765 2010 Amara-

1019 2019 1106 2050 lente
1122 2019 1155 2050 id
1168 2019 1260 2056 dicit,
1270 2020 1360 2061 quasi
1377 2019 1607 2063 subscriptores
1621 2022 1763 2065 ejusmo-

1020 2064 1051 2095 di
1069 2064 1100 2094 in
1118 2063 1219 2105 vulgo
1235 2064 1426 2095 numerandi
1443 2063 1517 2096 sint.

1067 2108 1115 2138 17.
1141 2106 1285 2138 column&
1300 2107 1447 2148 Moem'a]
1488 2107 1651 2140 columna
1670 2104 1764 2141 Mne-¹

1019 2152 1072 2183 nia
1088 2148 1156 2182 erat
1181 2151 1214 2182 in
1237 2151 1321 2188 foro,
1337 2153 1378 2184 ad
1401 2161 1498 2194 quam
1514 2151 1613 2190 fures,
1627 2159 1660 2184 et
1677 2153 1762 2185 servi

1019 2206 1159 2239 nequam
1185 2196 1403 2238 puniebantur
1431 2199 1449 2226 a
1484 2196 1692 2234 ninnivitis,
1727 2204 1760 2230 et

1016 2240 1153 2272 minoris
1168 2247 1254 2271 notae
1269 2240 1317 2272 rei
1333 2239 1575 2279 accusabantur,
1599 2241 1640 2271 ad
1662 2250 1763 2283 quam

1017 2285 1155 2326 denique
1171 2294 1308 2326 magnus
1334 2284 1564 2316 vilissimorum
1590 2284 1762 2317 hominum

1017 2339 1189 2361 concursus
1201 2327 1311 2360 fiebat.
1346 2331 1448 2360 Porro
1464 2328 1539 2360 cum
1550 2328 1697 2361 Moem'us
1709 2340 1764 2361 su-

1017 2384 1069 2405 am
1086 2374 1220 2405 domum
1239 2373 1358 2404 Catoni
1373 2373 1540 2410 venderet,
1554 2380 1591 2405 ut
1606 2372 1652 2404 ibi
1671 2373 1763 2405 Basi-

1016 2418 1079 2449 lica
1105 2415 1332 2454 aedificaretur,
1358 2416 1482 2459 excepit
1501 2417 1554 2459 jus
1578 2416 1640 2448 sibi
1665 2417 1761 2449 unius

1018 2462 1200 2499 Columnae,
1224 2468 1262 2492 ut
1287 2460 1363 2493 inde
1388 2461 1481 2493 ludos
1501 2461 1572 2505 ipse
1590 2468 1623 2493 et
1638 2461 1761 2505 posteri

1016 2513 1209 2550 SPCCtal'Csst.

1060 2550 1108 2582 lb.
1132 2548 1315 2592 Custodem]
1337 2547 1593 2582 Accusatoribus
1612 2546 1760 2581 custodes

1017 2592 1283 2637 apponebantur3
1306 2603 1346 2625 ne
1375 2593 1438 2636 ipsi
1462 2598 1755 2635 corrumperentur.

1014 2639 1093 2670 Reis
1104 2637 1202 2670 etiam
1210 2637 1258 2669 fas
1267 2637 1330 2669 fuit
1340 2636 1576 2669 accusatoribus
1585 2647 1760 2679 apponere,

1014 2682 1070 2725 qui
1091 2687 1204 2714 cuncta
1220 2679 1361 2719 nossent,
1377 2693 1448 2724 quae
1465 2688 1631 2714 accusator
1653 2687 1761 2712 atten-

1014 2734 1112 2764 taret,
1122 2734 1158 2757 ut
1171 2725 1252 2757 nihil
1264 2725 1386 2758 fraudis
1401 2726 1543 2758 subesset
1554 2725 1588 2756 in
1601 2724 1739 2768 judicio.

1062 2772 1112 2801 19.
1133 2769 1182 2802 Ad
1196 2781 1275 2801 meas
1289 2770 1416 2812 capsas]
1440 2772 1545 2813 Capsa
1561 2773 1578 2800 a
1601 2767 1762 2811 capiendo

1014 2815 1151 2846 dicitur:
1176 2810 1210 2845 in
1225 2814 1264 2845 iis
1275 2814 1377 2856 capsis
1387 2814 1508 2852 literas,
1522 2821 1555 2846 et
1570 2811 1698 2845 tabutas
1711 2811 1758 2844 ait

228 2870 263 2894 et
286 2866 460 2909 peregrini,
485 2861 542 2905 qui
561 2871 727 2904 nunquam
743 2862 774 2893 in
791 2860 900 2892 sorum
922 2871 979 2893 ve·
1024 2870 1056 2891 se
1071 2859 1300 2901 repositurum,
1309 2869 1381 2900 quae
1399 2869 1438 2892 ex
1453 2858 1560 2892 sicine
1569 2855 1758 2894 afferentur,

226 2914 354 2940 nerum.

1018 2903 1045 2934 si
1057 2904 1196 2936 Verrem
1211 2911 1347 2936 accuset.

1617 2942 1756 2985 solum
