1872 3135
143 174 199 213 56

618 173 685 215 Μ.
716 172 923 215 TULLII
957 169 1280 215 CICERONIS

141 291 199 327 40
215 281 487 347 omnibusque
503 285 714 328 navalibus
735 285 883 341 pugnis
904 285 1281 350 Carthaginienses,
1299 282 1520 326 homines
1509 299 1553 328 m
1570 287 1740 342 mariti-.-

213 355 295 382 mis
316 341 435 384 rebus
452 342 808 384 exercitatissimos
831 341 1192 400 paratissimosque
1223 343 1424 394 vicerunt,
1460 340 1510 384 iis
1538 345 1652 386 nullo
1687 346 1729 389 in

210 397 334 439 loco
316 413 405 455 Jam
429 393 691 455 praedonibns
713 413 826 456 pares
843 414 929 440 esse
948 411 1192 454 poteramus.

1250 402 1344 444 Nos
1360 413 1540 464 quoque,
1561 401 1631 466 qui
1652 418 1728 443 an-

211 457 278 497 tea
297 469 379 497 non
401 457 527 498 mode)
549 456 714 498 Italiam
734 465 865 498 tutam
887 456 1157 508 habebamus,
1180 457 1248 498 sed
1269 472 1429 500 omneis
1446 471 1591 500 500105
1595 474 1638 500 in
1660 459 1738 500 ul·-

212 511 326 553 timis
369 511 448 554 oris
483 512 720 555 auctoritate
749 514 877 556 nostri
906 513 1064 568 imperii
1097 487 1226 554 sativos
1259 525 1446 576 praestare
1480 527 1729 570 poteramus,

140 578 193 613 4⁵
213 578 318 633 tum,
351 585 450 611 cum
486 563 620 612 insula
647 570 776 612 Delos
809 584 893 612 tam
926 571 1099 625 procul
1087 586 1112 611 a
1130 569 1280 612 nobis
1272 585 1314 612 111
1335 574 1480 627 AEgaeo
1501 573 1637 615 mari⁰
1652 587 1729 629 pos

211 626 303 676 sita,
326 629 409 683 quo
440 641 586 669 omnes
606 628 788 691 undique
809 643 906 670 cum
925 627 1134 669 mercibus
1166 637 1287 683 atque
1316 609 1509 670 oneribus
1541 644 1729 671 comme·-

212 683 351 735 abant,
386 683 528 726 referta
560 684 726 749 divitiis,
760 700 894 741 parva,
925 685 1011 726 sine
1042 699 1162 726 muro
1207 684 1310 726 nihil
1361 683 1560 727 timebat:

1604 685 1730 729 iidem

209 754 294 781 non
316 740 442 784 modo
473 741 709 797 provinciis,
754 753 874 808 atque
907 742 988 783 oris
1021 742 1152 784 Italiae
1190 741 1425 792 maritimis,
1458 757 1504 783 ac
1531 743 1731 805 portubus

208 794 374 848 nostris,
411 800 479 840 sed
511 799 645 842 etiam
669 799 809 854 Appia
832 800 923 856 jam
943 799 1011 840 via
1032 800 1296 864 carebamuS.
1331 809 1369 841 et
1391 799 1455 841 his
1475 798 1731 854 temporibus

137 864 193 898 50
210 869 295 897 non
315 855 493 911 pudebat
523 856 782 914 magistritus
819 855 958 922 populi
994 856 1170 898 Romani
1206 856 1248 898 in
1278 858 1390 898 hunc
1421 855 1558 912 ipsum
1589 856 1729 899 locum

208 913 439 963 ascendere,
470 929 568 955 cum
596 930 690 955 eum
713 912 828 955 vobis
849 914 1022 969 majores
1050 913 1170 955 vestri
1193 913 1348 955 exuviis
1370 913 1546 955 nauticis
1562 923 1602 956 et
1621 913 1727 956 clas-

206 968 313 1011 Slum
338 970 475 1027 5901115
496 981 688 1013 ornatum
710 970 977 1029 reliquissent.

1038 972 1157 1034 Bono
1179 980 1217 1012 te
1239 970 1379 1012 animo
1399 982 1505 1022 tum,
1529 971 1588 1014 Q.
1612 972 1726 1014 Hor-

205 1027 328 1079 tensi,
352 1028 526 1092 populus
549 1030 778 1080 Romanus,
797 1038 834 1070 et
852 1038 1036 1080 caeteros,
1059 1028 1129 1085 qui
1151 1038 1264 1069 erant
1284 1028 1327 1068 in
1348 1028 1488 1069 eadem
1511 1028 1729 1082 sententia,

208 1083 342 1126 dicere
363 1084 609 1128 existimavit
630 1101 690 1137 ea,
729 1101 822 1143 quae
853 1084 1114 1127 sentiebatis.

136 1151 189 1185 55
209 1141 325 1183 muni
347 1140 456 1184 idem
476 1144 650 1199 populus
678 1145 891 1185 Romanus
922 1141 1051 1184 dolori
1087 1158 1160 1184 suo
1192 1141 1354 1193 maluit,
1380 1157 1511 1205 quam
1547 1143 1725 1186 auctori-

816 1202 972 1263 Itaque
1003 1215 1084 1241 una
1115 1199 1194 1251 lex,
1224 1215 1332 1240 unus
1354 1214 1427 1249 vir,
1449 1214 1557 1241 unus
1578 1214 1730 1253 annus,

205 1199 277 1254 tati
301 1209 442 1242 vestrae
470 1201 765 1254 obtemperare.

1149 1085 1217 1126 sed
1239 1093 1376 1126 tamen
1400 1084 1441 1126 in
1463 1084 1590 1126 salute
1608 1101 1726 1128 com-

205 1270 292 1296 11011
322 1258 449 1299 niodo
480 1273 555 1298 nos
590 1257 660 1299 illa
689 1256 870 1309 miseria,
893 1272 939 1299 ac
974 1257 1227 1313 turpitudine
1258 1256 1470 1309 liberavit3
1503 1256 1569 1299 sed
1603 1257 1728 1300 etiam

203 1312 339 1354 effecit
359 1323 405 1356 ut
424 1314 644 1378 aliquando
664 1317 752 1356 vere
786 1314 1012 1356 videremur
1032 1314 1228 1356 omnibus
1238 1325 1344 1378 'gent
1333 1314 1438 1359 ibus
1459 1329 1506 1354 ac
1538 1310 1724 1356 nationi-

204 1364 281 1417 bus
305 1372 412 1412 terra
449 1387 636 1429 marique
665 1371 873 1428 imperare.

931 1373 1032 1415 Quo
1057 1373 1163 1414 mihi
1195 1371 1317 1414 etiam
1341 1370 1551 1427 indignius
1570 1370 1729 1414 videtur

136 1431 220 1472 60d
239 1427 511 1470 obtrectatum
552 1444 638 1471 esse
669 1431 819 1481 adbuc,
859 1429 1040 1471 Gabinio
1090 1430 1242 1480 dicam,
1283 1444 1388 1470 anne
1420 1417 1634 1484 Pompeio,
1675 1444 1728 1481 att

204 1484 368 1548 utrique
402 1486 461 1539 (id
484 1487 592 1543 quod
614 1496 674 1527 est
695 1487 844 1539 verius)
879 1501 931 1528 ne
962 1486 1160 1543 legaretur
1182 1489 1238 1528 A.
1265 1485 1481 1528 Gabinius
1493 1486 1561 1527 Cn
1598 1486 1726 1528 Pom-

204 1557 298 1598 peio
320 1544 523 1599 expetenti
555 1559 601 1586 ac
634 1542 856 1600 postulanti
877 1545 890 1584 ?
928 1545 1086 1586 Utrum
1106 1543 1174 1584 ille
1190 1542 1258 1600 qui
1279 1542 1456 1607 postulat
1476 1542 1654 1599 {enatum
1677 1543 1728 1591 ad

203 1608 367 1640 tantum
404 1600 577 1651 bellum,
619 1616 740 1656 quem
778 1600 888 1651 velit,
925 1600 1096 1641 idoneus
1128 1617 1213 1642 non
1234 1610 1292 1642 est
1312 1616 1381 1664 qui
1404 1577 1608 1656 impetret,
1626 1615 1727 1645 cum

204 1656 338 1697 caeteri
362 1656 410 1698 ad
432 1657 670 1713 expilandos
690 1658 838 1709 socios,
861 1657 1105 1714 diripiendas
1110 1673 1189 1715 que
1219 1657 1464 1713 provlncias,
1487 1672 1591 1720 quos
1606 1658 1725 1700 volu-

135 1718 187 1758 65
205 1724 323 1754 erunt
342 1714 496 1770 legatos
517 1714 761 1757 eduxerint?
807 1731 857 1756 an
880 1730 980 1770 ipse,
1003 1731 1120 1770 cujus
1143 1715 1227 1771 lege
1247 1714 1354 1756 salus
1375 1729 1421 1755 ac
1450 1713 1627 1770 dignitas
1648 1730 1725 1772 po-

203 1771 300 1826 pulo
324 1772 514 1813 Romano
535 1781 657 1829 atque
676 1772 871 1814 omnibus
892 1772 1082 1833 gentibus
1104 1772 1328 1813 constituta
1360 1779 1435 1824 est,
1470 1786 1610 1827 expers
1641 1786 1729 1829 esse

630 1869 646 1886 ς
659 1866 739 1901 sita.

201 1951 292 1992 quod
304 1934 468 1993 superatus
481 1951 538 1983 511·
563 1962 661 1994 quare
677 1958 731 1983 aut
749 1951 868 1982 erravit
886 1951 942 1982 Ci-

199 2005 275 2027 cero
291 2002 346 2025 aut
358 1995 396 2026 dc
410 1995 463 2025 illa
473 2007 494 2025 x
498 1996 607 2026 ictoria
624 1996 799 2027 omiserunt
813 1996 942 2026 histori-

200 2040 244 2077 ti,
259 2039 344 2081 apud
360 2049 440 2080 quos
451 2040 537 2071 nulla
550 2040 635 2071 iliius
647 2040 768 2071 mentio
781 2039 828 2070 fit.
877 2038 942 2080 [Sic

200 2083 334 2124 quidem
356 2083 575 2115 Ηοείοηιιιηηιιε
599 2092 629 2115 et
646 2085 699 2115 alii
717 2093 865 2115 censent·
858 2108 865 2122 ,
889 2084 943 2114 sed

202 2129 258 2158 Cn.
276 2127 433 2158 Octavium
455 2124 490 2157 de
520 2130 600 2169 Rege
629 2129 718 2158 Perse
735 2127 867 2164 navalem
885 2128 941 2158 tri-

198 2172 338 2211 umphum
347 2171 448 2211 egisse,
461 2172 570 2203 scribit
581 2172 694 2204 Livius
705 2172 757 2202 lib.
770 2173 822 2203 45.
837 2183 861 2203 c.
874 2171 940 2214 42]

243 2216 296 2245 40.
323 2215 466 2245 Omnibus
478 2216 633 2247 navalibus
643 2215 779 2256 pugnis]
810 2220 833 2245 l.
862 2215 940 2246 Sici-

198 2258 276 2289 liam
301 2256 624 2298 Carthaginiensibus
647 2260 787 2291 Romani
814 2260 941 2290 ademe-

200 2310 277 2334 runt
292 2316 300 2334 2
327 2304 356 2333 2.
372 2303 567 2334 Sardiniam:
593 2305 623 2335 3.
636 2305 772 2335 secundo
783 2303 868 2335 bello
879 2307 940 2335 Pu-

200 2348 274 2378 nico
303 2347 505 2389 Hispaniam.
535 2356 630 2389 atque
657 2359 713 2389 per
742 2349 775 2379 id
802 2356 940 2390 tempuS,

199 2391 277 2422 dum
293 2392 437 2423 Annibal
462 2391 599 2428 ltaliam,
622 2394 655 2423 P.
676 2392 782 2433 Scipio
798 2392 941 2432 Libyam

195 2435 424 2477 populabatur,
440 2435 521 2466 adet')
536 2443 571 2466 ut
589 2436 728 2466 Romani
745 2437 941 2477 stipendium

194 2479 523 2522 Carthaginiensibus
553 2479 740 2521 imper-&rint
755 2492 762 2517 ;
809 2481 938 2511 tandem

198 2529 271 2564 'post
287 2534 385 2555 annos
400 2523 634 2565 quinquaginta
657 2531 855 2564 postremum
871 2523 938 2554 bel-

199 2567 266 2598 lum
291 2576 438 2599 exortum
464 2576 522 2602 est
548 2568 580 2598 in
608 2578 672 2609 quo
701 2567 806 2609 Scipio
833 2568 940 2600 minor

199 2611 432 2662 Carthaginem
445 2612 572 2644 evertit.

215 2656 294 2684 ·45.
320 2656 436 2698 Delos]
460 2657 558 2687 Delos
572 2655 732 2693 mercibus
744 2653 875 2685 celebris
888 2654 937 2686 su-

197 2698 236 2736 it,
268 2706 301 2728 et
330 2701 498 2730 commoda
522 2701 553 2731 in
580 2699 693 2731 Asiam
719 2709 756 2729 ex
787 2698 879 2728 ltalia
904 2708 936 2730 et

195 2723 324 2773 G'raeciai
334 2744 571 2785 navigantibus,
581 2746 615 2775 u't
630 2743 744 2775 Strabo
756 2742 866 2776 scribit
878 2742 934 2776 lib

197 2786 320 2826 Geogr.
343 2788 390 2817 10.

239 2831 292 2861 49.
315 2827 414 2870 'Appia‘
430 2831 504 2874 vm]
538 2831 648 2874 Appia
673 2831 725 2860 via
753 2829 791 2861 ab
820 2829 932 2876 Appio

195 2873 332 2926 Claudio
345 2875 483 2909 Censore
496 2877 581 2909 dicta
593 2883 652 2912 est,
663 2875 716 2918 qui
730 2875 840 2914 Οτι-115
849 2884 930 2905 nun-

1001 1862 1018 1886 d
1028 1873 1118 1900 com>
1121 1864 1295 1901 vdit-tum.

986 1958 1151 1994 cupatuse
1154 1960 1193 1987 s,t
1204 1950 1219 1980 ’ἒι
1232 1950 1326 1993 porta
1342 1959 1450 1982 autem
1479 1952 1607 1993 Capena
1627 1961 1730 1993 usque

984 1996 1028 2027 ad
1043 1995 1155 2027 urbem
1170 1997 1328 2038 Capuam,
1341 2004 1376 2027 ut
1393 1995 1438 2027 ait
1455 1996 1646 2027 Frontinus
1638 2005 1670 2027 111
1686 1995 1726 2035 113

986 2040 1045 2071 bro
1063 2040 1101 2070 de
1118 2050 1207 2080 aquae
1225 2040 1344 2078 ductu,
1354 2047 1422 2073 tum
1441 2039 1657 2075 Brundusium
1673 2049 1726 2070 us-

987 2095 1049 2125 que
1064 2083 1225 2125 lapidibus
1240 2092 1338 2115 strata
1349 2092 1415 2115 est·
1408 2107 1417 2121 ,
1439 2083 1497 2117 hirc
1512 2091 1620 2119 autem
1635 2093 1725 2114 caru-

985 2128 1048 2159 isse
1065 2139 1139 2170 pop.
1159 2129 1254 2158 Rom.
1267 2128 1356 2163 dicit,
1372 2128 1446 2168 quia
1462 2138 1497 2158 ea
1510 2137 1582 2168 pars
1597 2138 1670 2168 quae
1684 2127 1726 2159 ad

983 2182 1072 2203 mare
1088 2170 1242 2207 vertrebat
1263 2171 1468 2213 pradonibus
1482 2170 1702 2206 infestabatur.

1029 2217 1080 2246 50.
1105 2217 1195 2248 Hunc
1212 2216 1264 2255 ips
1265 2226 1304 2245 tm
1321 2213 1440 2256 locum-J
1463 2215 1502 2247 Id
1525 2222 1587 2252 est,
1607 2213 1640 2246 in
1655 2225 1724 2246 ios-

986 2267 1056 2297 tra;
1080 2259 1118 2293 de
1143 2259 1258 2302 quibus
1281 2259 1348 2300 jam
1372 2259 1405 2291 in
1425 2258 1575 2292 Exordio.
1622 2259 1685 2290 Por
1671 2262 1724 2289 ’τὸ
1755 2288 1758 2291 Δ

988 2305 1141 2334 Oratores
1166 2314 1204 2335 ex
1225 2303 1336 2338 rostris
1349 2302 1413 2336 illis
1426 2303 1559 2334 navium
1575 2300 1725 2338 dicebant

987 2348 1026 2379 ad
1041 2347 1207 2390 populum.
1230 2347 1346 2379 Livius
1360 2345 1416 2378 lib.
1431 2350 1460 2379 8
1476 2346 1568 2378 docet
1583 2346 1641 2378 sub
1657 2356 1724 2378 ros·

984 2391 1042 2422 tris
1058 2401 1183 2432 partem
1198 2390 1383 2424 inferiorem
1396 2391 1501 2429 fuisse,
1515 2382 1600 2422 unde
1617 2390 1725 2433 priva·

986 2436 1025 2467 tis
1038 2436 1125 2477 loqui
1141 2435 1188 2466 fas
1203 2446 1236 2467 er
1239 2444 1281 2466 at.

1029 2481 1079 2510 6
1103 2480 1154 2511 Ne
1169 2480 1320 2517 iefrmetur
1335 2477 1510 2520 Gabinius]
1545 2477 1724 2513 Postulavit

984 2523 1044 2554 sibi
1058 2523 1200 2565 legatum
1216 2523 1391 2557 Gabinium
1403 2522 1657 2566 130111ρεί115,ςαί
1673 2522 1723 2565 ip-

984 2568 1009 2599 si
1033 2568 1208 2610 denegntus
1236 2575 1302 2604 est;
1325 2566 1548 2602 mitttbantur
1553 2574 1664 2604 autem
1679 2566 1724 2597 le·
1755 2565 1761 2568 “

983 2612 1051 2653 gatti
1077 2612 1128 2642 vel
1161 2615 1178 2647 a
1203 2613 1331 2646 Senatu,
1356 2608 1406 2643 vel
1432 2614 1449 2642 ὲ
1473 2608 1722 2654 popu105quia

982 2655 1162 2695 sumptibus
1177 2655 1313 2697 publicis
1327 2654 1650 2690 mittebantur..

1069 2699 1149 2730 ,Ad
1161 2697 1335 2737 expila'mlos
1347 2699 1462 2737 sodon]
1488 2700 1552 2731 Eos
1561 2697 1720 2737 designat,

981 2699 1043 2784 qui6
1064 2742 1213 2775 dividunt
1229 2743 1475 2784 Magistratibus
1488 2742 1667 2792 pecuniam3
1686 2748 1721 2786 ut

977 2786 1085 2818 idonei
1103 2786 1174 2818 sibi
1192 2786 1292 2827 legati
1317 2785 1512 2828 seligantut;
1537 2786 1597 2817 nisi
1619 2784 1721 2818 etiam

977 2829 1154 2862 Lucullum
1169 2830 1301 2870 indicet,
1326 2840 1422 2873 quem
1449 2829 1503 2863 hic
1526 2838 1612 2874 sape
1635 2839 1720 2887 pun-

977 2873 1037 2924 git
1084 2904 1088 2907 .

1596 2913 1717 2975 debet
