1872 3135
113 148 167 183 28

616 143 680 186 M.
711 140 919 185 TULLII
951 141 1273 186 CICERONIS

144 260 262 303 5tas,
304 251 371 293 sed
411 267 515 294 meae
545 251 640 295 vitae
676 253 852 294 rationes
888 254 939 296 ab
974 253 1142 296 ineunte
1175 261 1292 295 aetate
1326 261 1525 310 susceptae
1558 252 1699 310 prohi-

187 308 344 351 bum-un
351 320 375 351 t.

436 311 568 361 Nam,
602 313 700 353 cum
734 311 853 351 antea
879 325 949 365 per
980 320 1142 353 aetatem
1173 318 1187 336 Ε
1207 310 1395 353 nondum
1416 311 1537 369 hujus
1557 320 1700 353 aucto-

188 365 348 408 ritatem
381 367 459 409 loci
491 366 725 423 contingere
755 367 941 410 auderem
958 385 970 421 3
1004 376 1317 424 statueremque,
1348 367 1452 410 nihil
1489 370 1586 421 huc,
1621 367 1702 410 nisi

188 422 415 478 perfectum
451 423 631 480 ingenio,
667 424 920 466 elaboratum
953 424 1167 475 industria,
1190 425 1319 466 afferri
1354 435 1552 480 oportere,
1576 436 1702 467 omne

189 495 330 522 meum
352 490 430 521 tem
440 496 512 535 pus
528 482 756 523 amicorum
780 483 1059 538 temporibusd
1076 481 1436 524 transmittendum
1453 482 1606 538 putavi.
1639 484 1705 524 Ita

125 552 175 585 10
191 553 322 594 neque
345 538 410 578 hic
428 538 540 579 locus
557 554 708 580 vacuus
725 555 907 602 unquam
927 539 1005 582 fuit
1020 538 1070 581 ab
1086 538 1134 580 iis
1151 538 1247 595 quie
1260 549 1431 581 vestram
1445 555 1610 582 causam
1628 540 1701 581 de-

190 595 422 645 fenderem3
458 604 496 635 et
513 611 628 637 meus
652 596 767 638 labor
791 612 832 637 m
864 597 1112 654 privatorum
1136 595 1324 652 peric-ulis
1352 599 1354 617 ²
1379 600 1488 637 caste
1521 597 1701 654 integre·
1729 620 1732 621 ⁷

191 667 270 708 que
287 663 480 704 versatuS„
501 667 549 695 ex
567 664 696 697 vestro
710 653 869 711 judicio
890 654 1069 697 fructum
1094 663 1154 695 est
1173 652 1477 709 amplissimum
1502 669 1702 696 consecu-

190 718 265 751 tus.
324 710 369 751 N
373 725 440 751 am
461 712 558 753 cum
579 721 741 768 propter
761 712 998 755 dilationem
1017 711 1281 754 comitiorum
1301 721 1359 754 ter
1378 712 1533 754 Praetor
1547 710 1704 770 primus

1602 775 1702 811 cen·

234 936 256 960 »Ε
273 931 421 968 nondum
445 933 607 976 eraderem
634 934 796 972 accedere
811 936 864 972 ad
884 936 1095 987 dignitalem.
1110 938 1210 987 h‘gjus
1228 938 1296 974 loci
1312 929 1706 987 proptefioetczterrzjmzz'-

191 997 296 1020 orem.

189 1037 368 1074 commoda
379 1038 535 1086 publica.

186 1090 226 1129 in
237 1092 409 1139 periculis
418 1093 682 1142 propulsandis,

188 1244 251 1275 que
275 1234 508 1277 Magistratum
531 1238 657 1280 gerenti
681 1239 712 1270 in
729 1240 926 1282 superiorem

193 1278 300 1309 locum
324 1280 504 1318 ascendere,
525 1282 661 1324 indeque
685 1286 866 1318 concionari
886 1286 926 1317 ad

189 1321 359 1364 populum,
373 1334 437 1355 non
454 1332 561 1357 autem
575 1327 703 1368 privato
719 1328 854 1366 homini,
866 1330 926 1361 nisi

191 1370 321 1409 accepta
343 1367 382 1398 ab
407 1368 515 1410 aliquo
540 1371 733 1413 magistratu
759 1381 926 1414 potestate.

188 1410 259 1442 Cic.
276 1410 315 1442 ad
340 1413 414 1443 Att.
434 1412 490 1444 lib.
507 1415 536 1444 4.
564 1416 594 1445 2.
617 1415 656 1446 de
679 1416 795 1448 Clodio
824 1417 927 1450 adhuc

188 1453 330 1496 privato:
356 1457 429 1487 Cz‘zm
440 1457 537 1489 subito
546 1458 596 1489 ille
606 1460 637 1490 in
648 1461 814 1492 concionem
825 1473 926 1493 ascen-

188 1499 244 1536 dit,
256 1510 344 1539 qnam
356 1502 470 1541 Appius
480 1502 507 1532 ei
521 1503 609 1534 dedit.

231 1543 263 1573 5.
285 1544 526 1589 prohibuerunt]
547 1547 640 1578 Licet
655 1548 806 1590 Qiaestor
821 1556 852 1580 et
865 1551 925 1580 ΙΕ-

189 1586 263 1618 dilis
277 1587 387 1619 fuisset
404 1589 530 1628 Cicero,
544 1597 576 1621 et
588 1601 687 1622 annos
702 1601 794 1624 natus
806 1593 924 1635 viginti

188 1641 241 1661 sex
259 1632 449 1675 Qinctium
461 1633 493 1664 in
507 1634 634 1676 privato
643 1635 766 1677 judicio
778 1644 809 1668 et
822 1639 924 1669 Ame-

187 1674 296 1706 rinum
312 1675 343 1706 in
357 1675 486 1718 publico
502 1677 705 1718 defendisset,
718 1681 862 1712 nondum
879 1690 926 1713 ta-

190 1729 266 1749 men
281 1718 314 1750 in
331 1721 456 1752 Rostris
479 1730 601 1763 egerat,
616 1726 682 1765 quo
698 1725 825 1756 tantum
847 1727 926 1757 Ma—

187 1762 376 1804 gistratibus
389 1764 507 1796 licebat
520 1768 699 1805 ascendere,
713 1777 747 1800 ut
768 1768 849 1800 nihil
863 1770 927 1802 huc

188 1806 249 1837 nisi
268 1807 447 1849 perfectum
468 1809 598 1852 ingenio
613 1819 646 1842 et
661 1812 796 1854 dignum
812 1813 927 1855 ampli-

186 1850 299 1883 tudine
322 1851 385 1884 loci
407 1852 587 1892 afferretur,
611 1857 698 1897 quod
720 1857 779 1888 hac
803 1858 927 1890 minore

189 1905 287 1927 aetate
303 1895 383 1928 dicit
398 1908 430 1927 se
446 1906 596 1940 praestare
610 1907 675 1930 'non
692 1901 841 1943 potuisse.

232 1943 261 1971 9.
273 1940 304 1971 T
302 1941 487 1984 emporibus]
498 1943 584 1974 Cum
609 1954 674 1975 non
704 1953 808 1987 posset
823 1945 926 1978 adhuc

190 1993 250 2025 per
261 1991 389 2015 aetatem
403 1985 483 2018 hanc
492 1987 652 2028 juniorem
664 1999 777 2020 vacare
788 1989 937 2031 Reipub„

189 2027 302 2060 amicis
321 2028 384 2060 suis
397 2030 654 2072 periclitantibus
671 2032 760 2065 dedit
778 2045 923 2076 operam3

187 2070 346 2104 familiare
373 2074 459 2105 enim
481 2082 528 2107 est
554 2076 640 2118 apud
661 2077 850 2109 Ciceronem
866 2089 925 2120 pro

186 2115 338 2158 periculis
347 2128 499 2161 usurpare
510 2127 667 2163 tempora.
712 2122 762 2153 Sic
778 2133 837 2164 pro
855 2122 925 2154 Mil.

187 2160 289 2198 Bam,
305 2162 450 2200 fortunas
460 2174 550 2202 meos,
573 2175 608 2194 ac
625 2165 780 2196 liberorum
796 2177 925 2198 meorum

185 2204 220 2234 in
236 2206 466 2236 communionem
481 2212 597 2239 tuorum
612 2214 771 2251 temporum
783 2211 905 2243 reticuli.

210 2271 212 2273 -
233 2258 283 2280 11.
297 2250 384 2280 Casce·
394 2251 586 2295 integreque]
601 2254 824 2295 integritatem
837 2265 926 2286 suam

188 2299 221 2322 et
234 2292 460 2325 abstinentiam
475 2295 506 2326 in
521 2297 621 2328 causis
635 2297 841 2330 defendendis
853 2310 926 2341 pro-

188 2335 266 2368 fert:
291 2348 366 2369 nam
382 2338 451 2381 lege
475 2339 590 2371 Cinniss
613 2341 680 2383 jam
710 2343 784 2374 inde
808 2342 871 2373 lata
887 2342 926 2374 ab

189 2390 274 2412 anno
306 2383 347 2413 U.
374 2384 410 2414 C.
435 2384 510 2414 550.
532 2392 662 2416 cautum
688 2395 768 2423 erat,
795 2397 833 2417 ne
857 2388 928 2428 quis

186 2432 315 2474 munus,
329 2434 384 2459 aut
398 2426 568 2470 pe'tuniam
582 2429 623 2460 ob
634 2440 760 2462 causam
774 2432 928 2462 orandam

188 2477 360 2510 acciperet.

235 2514 284 2544 13.
318 2515 446 2556 Propter
459 2516 658 2561 dilationem]
675 2517 928 2561 Abrumpeban-

189 2562 256 2594 tur,
273 2566 304 2589 et
321 2558 352 2590 in
370 2559 469 2591 alium
481 2560 568 2592 diem
580 2561 811 2594 differebantur
827 2564 927 2594 comi·

188 2599 235 2631 tia
251 2601 302 2633 vel
315 2602 857 2643 obnunciatione,velintercessione
871 2619 927 2649 pa-

188 2643 234 2675 ris
240 2645 292 2676 vel
300 2648 429 2689 majoris
438 2649 654 2692 magistratus:
668 2650 928 2690 obnunciatione,

188 2688 264 2719 cum
279 2689 350 2730 quis
366 2693 586 2734 Magistratus,
597 2694 674 2726 dum
687 2695 818 2726 comitia
827 2695 925 2727 habe-

190 2731 321 2770 bantur,
333 2736 515 2775 nunciabat,
525 2749 557 2768 se
567 2738 824 2776 coeli,velavium
836 2739 926 2781 signa

189 2775 443 2818 deprehendisse.
489 2781 539 2813 Sic
556 2782 626 2814 Cic.
642 2782 698 2814 lib.
719 2787 748 2814 3.
763 2783 804 2814 ad
820 2784 925 2827 Qin-

190 2827 260 2852 tum
279 2821 422 2855 fratrem.
468 2825 659 2858 comitiorum
674 2827 804 2869 quotidie
816 2829 930 2869 singuli

362 984 377 1007 d
398 986 613 1023 tribuendum
644 989 902 1026 necessitatibus
933 991 1123 1026 (vilicorum
1154 1004 1314 1027 mcor-mn.

1364 996 1380 1012 e
1397 998 1574 1026 tuerentur
1587 997 1702 1025 vestra

590 1038 605 1062 f
619 1051 771 1078 versatus
787 1044 861 1080 sine
877 1043 950 1079 ullo
974 1052 1115 1092 accepto
1143 1056 1290 1086 munere,
1320 1044 1394 1080 sine
1412 1042 1487 1080 ullc‘i
1498 1041 1705 1092 proditione

969 1241 1030 1272 dies
1042 1240 1187 1272 tolluntur
1195 1240 1474 1271 obnuntiationibus
1484 1239 1592 1282 magnii
1601 1239 1704 1272 volun-

970 1288 1032 1315 tate
1047 1285 1188 1315 bonorum
1199 1286 1336 1315 omnium.
1361 1284 1543 1317 Credebant
1554 1285 1706 1325 videlicet

970 1329 1046 1360 dato
1062 1333 1079 1359 a
1094 1330 1175 1371 Jove
1192 1329 1282 1371 si‘gno
1297 1328 1344 1359 fas
1358 1339 1422 1360 non
1436 1339 1501 1360 esse
1520 1336 1615 1372 agere
1630 1339 1706 1361 cum

971 1372 1108 1415 populo;
1131 1372 1355 1404 intercessione
1375 1375 1466 1411 vero,
1487 1373 1561 1404 cum
1577 1372 1706 1405 differe-

971 1417 1089 1448 bantur
1105 1428 1162 1459 per
1183 1417 1407 1459 Magistratus,
1431 1425 1463 1448 et
1485 1417 1623 1449 maxime
1647 1427 1706 1459 pet·

970 1460 1141 1492 Tribunos.
1166 1462 1216 1492 Sic
1229 1462 1261 1492 in
1272 1460 1327 1492 lib.
1340 1461 1430 1503 epist.
1442 1461 1487 1510 ²ds
1498 1463 1571 1492 Att.
1585 1463 1616 1492 4.
1629 1460 1708 1492 scri-

971 1504 1018 1536 bit
1029 1504 1160 1536 comitia
1168 1505 1283 1547 quibus
1290 1505 1370 1536 Pub.
1378 1504 1511 1536 Clodius
1518 1506 1707 1548 Praeturam,

969 1555 1001 1579 et
1015 1548 1102 1579 Milo
1118 1549 1328 1580 Consulatum
1339 1548 1503 1591 petebant,
1516 1549 1631 1592 saepius
1639 1558 1708 1581 esse

969 1591 1082 1630 dilata3
1106 1602 1141 1623 ea
1158 1601 1265 1624 autem
1286 1592 1337 1624 vel
1360 1592 1567 1624 obnunciatio
1589 1591 1642 1625 vel
1656 1593 1707 1625 in-

968 1636 1116 1668 tercessio
1126 1636 1223 1669 fiebat
1235 1637 1268 1667 in
1284 1637 1530 1669 candidatorum
1544 1636 1702 1680 gratiam:

970 1678 1043 1712 cum
1059 1681 1174 1723 aliquis
1189 1682 1294 1722 parari
1311 1680 1371 1712 sibi
1388 1680 1548 1723 repulsam
1563 1680 1706 1714 videbat.

1015 1724 1059 1756 lb.
1090 1725 1149 1756 Ter
1179 1724 1322 1766 Parion]
1353 1724 1465 1756 Plures
1488 1724 1578 1756 fuere
1607 1724 1706 1757 creati

971 1769 1140 1806 Praetores,
1158 1779 1238 1800 unus
1252 1766 1378 1800 tantum
1392 1768 1506 1812 primis
1519 1768 1609 1801 urbis
1623 1776 1707 1801 tem-

969 1812 1101 1855 poribus
1107 1825 1115 1850 ;
1133 1822 1202 1844 tum
1215 1813 1289 1851 duo,
1300 1824 1335 1844 ac
1352 1813 1482 1844 tandem
1493 1812 1588 1845 Suuae
1605 1813 1708 1845 dieta·

970 1857 1048 1888 toris
1059 1865 1143 1893 octo,
1157 1857 1272 1888 deinde
1282 1857 1403 1895 decem,
1417 1864 1577 1889 crescente
1591 1856 1624 1889 in
1640 1857 1709 1890 dies

970 1901 1099 1944 imperii
1115 1902 1255 1933 Romani
1278 1900 1513 1942 magnitudine,
1533 1911 1570 1932 ac
1585 1901 1707 1934 civium

971 1955 1122 1977 numero:
1141 1944 1286 1988 a'populo
1299 1944 1555 1988 jurisdictionem
1569 1945 1707 1989 accipie-

971 1989 1060 2027 bant,
1075 1989 1129 2020 sed
1145 1989 1313 2021 incertam:
1338 1989 1497 2031 designari
1519 1988 1607 2021 enim
1629 1999 1706 2022 con-,

967 2033 1059 2075 jectis
1085 2034 1118 2064 in
1144 2041 1262 2065 sortem
1289 2032 1592 2077 jurisdictionibuss
1607 2044 1706 2076 quam

969 2077 1102 2119 quisque
1117 2078 1321 2116 sortiebatur,
1333 2077 1415 2109 hanc
1439 2077 1614 2110 exercebat.
1657 2079 1707 2111 Ex

969 2121 1033 2153 illis
1049 2122 1243 2153 Praetoribus
1259 2123 1322 2153 duo
1334 2128 1494 2165 praeerant
1507 2121 1642 2164 privatis
1653 2122 1708 2164 ju·

968 2165 1070 2203 ditiis,
1085 2166 1225 2197 urbanus
1239 2166 1318 2198 alter
1341 2166 1396 2208 qui
1412 2165 1547 2204 civibus,
1561 2165 1719 2209 peregri-2

969 2220 1028 2242 nus
1044 2210 1124 2241 alter
1137 2211 1190 2252 qui
1204 2211 1295 2242 sociis
1305 2209 1490 2247 et‚externis
1498 2210 1550 2252 jus
1564 2209 1691 2242 dicebat
1698 2220 1712 2249 ;·

970 2265 1008 2286 ex
1020 2261 1093 2286 octo
1108 2254 1189 2292 aliis,
1211 2255 1275 2286 duo
1291 2255 1329 2286 de
1346 2253 1466 2286 sicariis
1480 2253 1706 2293 decernebant,

970 2309 1050 2330 usus
1065 2299 1104 2331 de
1120 2299 1305 2341 repetundis
1316 2298 1492 2341 quaerebat,
1507 2297 1586 2330 alius
1598 2298 1638 2330 de
1649 2309 1705 2341 pe-

973 2342 1091 2381 culatu,
1115 2342 1195 2374 alius
1220 2344 1259 2375 de
1289 2341 1425 2380 ambitu,
1452 2342 1532 2375 alius
1553 2342 1593 2374 de
1615 2341 1709 2381 falso,

971 2386 1051 2418 alius
1071 2388 1110 2418 de
1121 2388 1298 2429 majestate,
1312 2386 1393 2418 alius
1407 2386 1446 2418 de
1463 2385 1553 2423 vL'ac
1576 2385 1707 2418 tandem

972 2431 1029 2462 sub
1060 2431 1308 2473 imperatoribus
1336 2430 1400 2462 duo
1427 2429 1576 2462 Cereales
1605 2429 1709 2462 additi

971 2482 1043 2506 sunt
1055 2475 1110 2517 qui
1127 2475 1166 2506 de
1181 2474 1428 2506 fideicommisso
1439 2474 1492 2516 jus
1504 2473 1665 2512 dicebant,
1675 2480 1709 2511 et

971 2519 1104 2550 ultimus
1120 2518 1277 2554 tutelaris,
1289 2518 1378 2561 cujus
1392 2528 1508 2550 munus
1517 2516 1579 2550 fuit
1591 2528 1708 2562 cogere

972 2571 1095 2594 tutores
1125 2571 1157 2594 et
1179 2562 1332 2594 satisdare
1354 2572 1424 2594 rem
1446 2561 1562 2605 pupilli
1583 2561 1707 2595 salvam

970 2606 1051 2645 fore,
1065 2615 1097 2638 et
1113 2606 1252 2639 delatam
1267 2605 1401 2639 tutelam
1416 2607 1569 2650 accipere.

1015 2651 1060 2682 lb.
1080 2650 1226 2694 Primus]
1244 2652 1317 2683 Non
1333 2650 1473 2694 aliquem
1486 2649 1624 2694 populus
1635 2649 1709 2694 dig·

970 2695 1079 2727 nitatis
1089 2696 1226 2737 gradum
1235 2695 1318 2727 inter
1331 2695 1488 2726 Praetores
1496 2692 1708 2739 ponebat‚sed

969 2739 1026 2781 qui
1054 2740 1201 2772 omnium
1228 2739 1352 2781 primus
1375 2739 1415 2771 ab
1438 2750 1476 2771 eo
1499 2737 1710 2771 ‘renunciatus

970 2792 1049 2824 crat,
1063 2795 1129 2827 prae
1141 2783 1264 2816 caeteris
1278 2783 1399 2826 populo
1410 2781 1564 2826 placuisse
1575 2780 1707 2814 videba-

974 2836 1036 2860 tur.
1082 2829 1181 2863 Certe
1198 2826 1385 2862 Plutarchus
1399 2828 1433 2860 in
1455 2825 1620 2860 Ciceronis
1640 2825 1710 2905 νίῑι

1596 2880 1659 2904 scri
1684 2877 1710 2902 it
