1887 3083
886 107 1047 151 VITA.
1729 105 1782 146 :aii

531 303 751 347 ANNUS
785 302 964 345 URBIS
998 302 1297 346 CONDITAE
1321 307 1421 352 669.

329 396 425 433 Coss.
447 395 589 439 iisdem,
620 403 704 432 ante
730 394 914 432 Christum
942 399 1003 432 83.
1061 395 1250 433 Ciceronis
1273 397 1467 446 vigesimus
1481 396 1624 432 tertius.

231 481 360 539 Sylla,
373 481 493 524 rebus
504 480 747 538 compositis
758 479 800 522 in
811 480 933 533 Asi-21,
954 480 1137 522 civitates
1152 481 1239 539 ejus
1251 479 1294 522 in
1306 479 1538 537 provincias
1550 478 1781 536 descripsit,

173 549 310 595 atque,
332 538 392 581 ibi
413 539 613 581 Muraena
636 538 778 580 relicto
805 554 905 579 cum
934 537 1096 579 duabus
1117 538 1318 580 Fimbriae
1339 538 1589 598 legionibus,
1623 537 1709 594 ipse
1737 537 1781 580 in

173 596 405 649 Graeciam,
438 612 485 638 ac
507 596 601 639 inde
618 595 662 637 in
688 594 853 637 Italiam
875 595 1051 652 trajecit,
1085 595 1253 637 extortis
1271 598 1393 638 antea
1415 612 1485 652 per
1504 596 1588 638 vim
1612 594 1782 650 publice

172 653 448 711 privatimque
458 652 661 710 pecuniiS,
677 667 778 709 quas
788 651 936 708 partim
953 651 1031 693 sibi
1043 652 1091 693 ad
1106 651 1261 694 bellum
1277 653 1514 710 assumpsit,
1534 653 1684 710 partim
1695 653 1780 695 mi-

170 711 315 754 litibus
330 710 551 753 distribuit.
586 710 700 752 Cum
715 718 854 751 autem
869 708 1074 751 hostiliter
1087 709 1136 751 ad
1153 709 1296 752 urbem
1319 710 1488 764 veniret,
1510 712 1660 753 missos
1676 712 1701 753 ῑι
1714 726 1781 753 se-

172 779 274 811 natu
295 768 449 825 legatos
469 782 559 809 non
578 765 757 810 audivit:
791 782 855 820 ac,
886 768 989 808 cum
1022 765 1059 808 ei
1086 767 1230 810 Cinna
1249 767 1371 810 vellet
1391 783 1618 821 occurrere,
1650 769 1674 810 ἐι
1697 768 1782 811 suis

173 824 392 868 confossus
410 834 486 867 est.
526 825 704 882 Reliquo
724 839 834 867 anno
855 824 968 866 solus
989 823 1130 868 Carbo
1151 825 1415 868 consulatum
1436 827 1573 884 gessit.
1621 828 1782 869 Totum

171 892 313 925 autem
332 884 413 925 hoc
433 881 676 935 triennium,
708 897 792 939 quo
813 882 864 924 ab
882 881 1008 924 armis
1025 882 1196 926 cessavit
1216 882 1377 937 civitas,
1409 893 1552 927 noctes
1572 891 1611 925 et
1631 883 1715 925 dies
1737 883 1784 927 in

171 939 292 983 omni
322 939 606 982 doctrinarum
634 939 905 982 meditatione
926 949 1108 982 versatus
1129 951 1190 983 est
1212 940 1379 994 Cicero,
1412 951 1458 984 ut
1478 941 1535 984 ait
1556 940 1600 983 in
1618 941 1778 984 Bruto:

171 1006 257 1040 erat
267 1013 365 1040 cum
377 999 525 1040 Sto‘ico
537 997 744 1049 Diodoro,
759 997 832 1054 qui
842 997 949 1054 apud
963 1013 1061 1039 eum
1074 997 1291 1051 habitavit,
1309 1008 1349 1042 et
1358 999 1467 1056 apud
1481 1014 1577 1041 eum
1590 1008 1783 1048 mortuus

172 1064 249 1099 est.
298 1055 348 1114 Ej
356 1070 403 1105 us
417 1055 573 1098 artibus
588 1054 708 1098 variis
726 1054 783 1098 ita
796 1065 883 1098 erat
895 1054 1072 1108 deditus,
1091 1065 1138 1098 ut
1152 1056 1202 1099 ab
1216 1056 1404 1100 oratoriis
1417 1056 1781 1100 exercitationibus

171 1112 316 1157 nullus
343 1113 430 1156 dies
463 1128 617 1156 vacuus
646 1122 766 1156 esset.
827 1112 1208 1156 commentabatur
1239 1113 1510 1158 declamitans
1539 1129 1650 1171 saepe
1683 1130 1782 1158 cum

173 1169 342 1223 Pisone,
373 1180 415 1213 et
433 1187 533 1214 cum
553 1172 612 1215 Q.
635 1170 852 1227 Pompeio,
884 1180 1069 1214 autenm
1088 1170 1226 1229 aliquo
1242 1171 1442 1229 quotidie,
1466 1171 1588 1230 idque
1604 1171 1782 1216 faciebat

172 1228 361 1272 multum
375 1227 500 1271 etiam
512 1228 684 1280 Latine,
699 1229 768 1270 sed
784 1228 937 1271 Graece
952 1228 1123 1286 saepius,
1143 1239 1232 1272 tum
1249 1229 1345 1287 quia
1359 1230 1513 1273 Graeca
1525 1229 1654 1273 oratio
1665 1230 1782 1285 plura

169 1296 419 1329 ornamenta
434 1285 736 1344 suppeditabat,
758 1296 797 1328 et
813 1285 1002 1329 similiter
1018 1285 1182 1329 dicendi
1197 1287 1541 1331 consuetudinem
1558 1287 1777 1330 afferebat:

174 1352 268 1386 tum
280 1342 379 1401 quia
390 1344 666 1387 arbitrabatur
680 1344 793 1401 quod
811 1345 836 1386 ὲ
857 1343 1020 1387 Graecis
1037 1345 1215 1387 summis
1228 1345 1503 1398 Doctoribus,
1526 1344 1608 1388 nisi
1626 1347 1781 1389 Graece

172 1399 339 1454 diceret,
371 1417 505 1458 neque
524 1401 675 1459 corrigi
695 1411 848 1458 posset,
879 1417 1015 1459 neque
1032 1402 1184 1444 doceri.
1244 1404 1426 1447 Aratum
1447 1404 1631 1446 versibus
1651 1405 1779 1446 hexa-

173 1458 317 1500 metris
358 1459 500 1512 edidit,
552 1459 849 1516 Xenophontis
891 1459 1207 1508 oeconomicum
1248 1461 1272 1502 ὲ
1313 1461 1467 1504 Graeco
1508 1476 1696 1503 sermone
1736 1463 1779 1504 in

173 1516 393 1568 Latinum,
425 1528 473 1560 ut
492 1516 634 1559 scri-bit
654 1517 940 1574 Hieronymus
960 1516 1004 1560 in
1025 1517 1268 1574 praefatione
1289 1518 1332 1563 in
1354 1519 1526 1562 Eusebii
1548 1518 1775 1572 Chronica,

173 1572 356 1618 Platonis
377 1573 502 1618 libros
521 1574 698 1633 aliquos,
730 1584 770 1617 et
790 1576 1056 1633 Protagoram
1081 1577 1298 1620 convertit.

534 1709 754 1754 ANNUS
787 1712 965 1755 URBIS
998 1711 1295 1757 CONDITAE
1317 1719 1417 1763 670.

446 1777 451 1791 Ι

200 1801 296 1842 Coss.
313 1801 357 1838 L.
378 1801 543 1840 Cornelio
560 1802 731 1852 Scipione
747 1804 933 1847 Asiatico,
964 1804 1002 1842 C.
1018 1804 1191 1842 Norbano
1210 1804 1360 1848 Flacco,
1391 1813 1473 1842 ante
1490 1803 1669 1844 Christum
1690 1811 1750 1844 82.

475 1866 479 1870 ·
691 1856 877 1894 Ciceronis
894 1857 1083 1907 vigesimus
1101 1865 1261 1908 quartus.

231 1940 438 1983 Consules
473 1942 643 1998 unaque
679 1941 819 1985 Carbo
852 1951 998 1985 contra
1032 1942 1192 2000 Syllam
1227 1957 1324 1984 eum
1349 1941 1434 1985 suis
1454 1942 1586 1999 copiis
1606 1943 1776 2000 profecti

175 2007 298 2040 sunt:
333 2014 397 2051 ac,
427 1997 529 2040 licet
558 1999 646 2056 ipse
675 2014 716 2041 se
748 2000 878 2058 aequis
909 1999 1222 2043 condit-ionibus
1242 2001 1539 2042 descensurum
1561 2002 1611 2043 ad
1632 2016 1777 2058 pacem

174 2065 405 2109 testaretur,
428 2066 573 2099 contra
589 2057 795 2100 Consules
810 2057 1026 2115 pugnavit,
1048 2067 1088 2100 et
1101 2067 1325 2115 utrumque
1339 2057 1584 2116 profligavit.
1635 2059 1777 2102 Carbo

174 2114 226 2156 ad
246 2114 393 2157 urbem
415 2114 548 2167 rediit,
581 2114 812 2172 effecitque,
844 2127 890 2158 ut
911 2116 1040 2173 Sylla,
1072 2125 1112 2158 et
1131 2115 1202 2173 qui
1225 2117 1313 2174 ejus
1333 2116 1359 2158 εἴ
1381 2115 1566 2173 partibus
1596 2117 1776 2170 stabant,

174 2172 314 2214 hostes
342 2175 368 2214 a
399 2173 554 2214 Senatu
575 2172 876 2229 judicarentur.
939 2175 1038 2216 Hoc
1057 2174 1202 2215 eodem
1225 2184 1410 2230 tem-pore
1430 2173 1687 2230 Capitoli-um
1707 2174 1774 2218 in-

182 2244 359 2273 censum
380 2228 460 2272 fuit
480 2229 601 2273 annis
622 2230 707 2272 fere
728 2231 874 2289 viginti
896 2242 991 2274 ante
1010 2230 1210 2276 Catilinae
1228 2230 1576 2289 conjurationem.
1750 2254 1751 2257 ¹

535 2342 754 2384 ANNUS
786 2343 963 2385 URBIS
996 2342 1293 2386 CONDITAE
1314 2345 1413 2397 671.

244 2432 341 2470 Coss.
365 2432 428 2470 Gn.
447 2433 606 2484 Papirio
625 2433 797 2477 Carbone,
829 2434 890 2471 Cn.
908 2435 1042 2472 ,Uario
1064 2436 1302 2481 Gratidiam,
1331 2444 1416 2476 arete
1436 2435 1614 2473 Christum
1644 2440 1705 2474 81.

648 2486 831 2524 Ciceronis
848 2489 1038 2537 vigesimus
1051 2491 1205 2540 quintus,

198 2624 208 2631 .
233 2569 376 2612 Carbo
397 2570 567 2612 tertium
585 2569 717 2614 factus
734 2581 794 2613 est
811 2571 970 2615 Consul
986 2589 1081 2615 cum
1097 2574 1236 2616 Mario
1252 2573 1514 2622 Gratidiano,
1531 2570 1772 2630 quem‘Ma-

177 2639 266 2667 rius
280 2627 429 2683 septies
448 2628 608 2670 Consul
627 2629 851 2685 adoptavit.
904 2632 944 2672 Is
961 2633 1108 2687 parum
1127 2631 1298 2674 feliciter
1313 2647 1410 2674 cum
1427 2631 1543 2687 Sylla
1561 2632 1774 2687 pugnavit,

178 2681 380 2740 rebusque
399 2685 636 2742 desperatiS,
655 2686 734 2729 sibi
750 2686 828 2743 ipsi
845 2703 996 2731 manus
1016 2688 1171 2731 intulit.
1206 2690 1308 2731 Inde
1321 2690 1369 2732 ad
1384 2689 1529 2731 urbem
1547 2687 1657 2744 Sylla
1671 2703 1775 2731 con·

179 2740 328 2792 tendit,
359 2742 432 2785 ubi
464 2744 692 2786 commisso
726 2745 870 2800 praelio
899 2746 1111 2804 octoginta
1141 2747 1363 2789 hominum
1385 2745 1517 2788 millia
1539 2745 1702 2796 cecidit,
1736 2758 1775 2788 et

178 2797 402 2842 duodecim
423 2799 557 2843 millia
575 2816 617 2845 se
634 2801 779 2846 victori
797 2803 1010 2848 dederunt.
1073 2805 1181 2846 Fuso
1203 2805 1405 2848 Carbonis
1424 2803 1622 2855 exercitu,
1645 2803 1774 2902 viletor

1631 2875 1678 2901 ur
1710 2875 1777 2902 em
