1887 3083
77 95 149 140 viii
546 102 614 145 M.
647 102 856 146 TULLII
889 104 1214 148 CICERONIS

79 206 228 270 urbem
249 207 490 266 ingreditur,
524 212 721 254 advocata
742 212 877 255 statim
901 215 1118 267 concione,
1152 214 1284 258 muita
1315 214 1363 255 dc
1384 229 1424 256 se
1445 213 1670 272 magnific&

77 264 198 316 dixit,
230 281 276 307 ac
308 268 450 322 populi
482 276 630 310 statum
668 269 711 311 in
746 271 893 312 melius
925 288 966 313 se
1002 283 1275 314 mutaturum.
1335 274 1512 314 Tantam
1535 281 1670 314 autem

79 320 234 364 civium
257 323 539 367 carnificinam
562 326 702 378 edidit,
735 337 782 369 ut
814 328 927 370 nulla
955 344 1140 385 unquam
1169 332 1300 386 major
1330 330 1520 372 extiterit.
1581 334 1668 384 Cn.

76 379 302 434 Pompeius
333 397 429 423 cum
469 382 642 439 imperio
679 384 830 425 missus
866 386 911 426 in
944 386 1149 438 Siciliam,
1182 386 1419 428 Carbonem
1455 386 1663 428 interfecit

74 435 161 478 His
183 437 370 492 petactis,
402 440 594 481 Dictator
613 450 770 482 creatus
793 452 853 483 est
885 442 935 484 ab
964 443 1162 500 interrege
1191 443 1355 494 Flacco,
1387 444 1458 500 qui
1487 444 1593 493 tulit,
1626 453 1672 484 ut

75 508 338 553 quaecunque
360 496 425 537 ille
446 496 622 549 fecisset,
655 508 790 540 essent
809 510 908 552 rata,
944 510 987 542 ut
1007 515 1130 557 quem
1162 499 1282 542 vellet
1310 501 1480 551 civium,
1513 501 1671 543 indicta

75 552 217 604 causi‘i,
249 551 424 609 impune
446 565 583 610 posset
601 554 801 598 occidere.

429 665 648 709 ANNUS
683 667 859 711 URBIS
893 667 1190 711 CONDITAE
1213 673 1310 716 67⁶2.

178 754 274 791 Coss.
294 753 357 792 M.
382 755 501 792 Tullio
519 758 673 801 Deculct,
705 759 767 795 Cn,
787 760 953 798 Cornelio
966 761 1177 805 Dolabella,
1209 770 1293 798 ante
1307 761 1485 799 Christum
1505 765 1565 798 80.

598 811 783 848 Ciceronis
804 814 997 862 vigesimus
1020 823 1147 851 sextus.
1340 841 1346 843 Δ

127 889 252 932 Licet
271 907 486 937 summum
505 895 763 952 Reipubiieae
784 906 936 939 teneret
955 898 1176 954 imperium
1199 897 1327 954 Sylla,
1351 906 1491 939 tamen
1508 897 1557 939 ad
1579 912 1671 955 spe-

73 946 179 990 ciem
198 947 379 1006 aliquam
403 952 662 1009 Reipublicae
687 954 939 997 retinendam
963 955 1152 1012 permisit
1175 955 1266 997 illos
1292 953 1496 996 Consules
1515 955 1639 997 creari
1658 971 1668 997 ε

71 1003 111 1046 ei
131 1016 175 1047 ut
194 1005 398 1050 Dictatori
420 1009 567 1068 viginti
588 1020 762 1068 quatuor
778 1027 938 1054 secures
955 1013 1291 1068 praeferebantur,
1316 1011 1475 1071 legibus
1491 1011 1580 1054 aiiis
1597 1027 1671 1068 pro

71 1062 239 1105 arbitrio
263 1066 368 1119 latis,
390 1067 479 1109 aliis
496 1067 718 1126 antiquatis
739 1086 746 1111 :
770 1069 945 1127 denique
966 1071 1015 1112 de
1036 1070 1542 1127 Mithridatejamdudum
1561 1069 1671 1111 victo

68 1120 190 1175 tertio
212 1123 383 1166 Kalend.
410 1125 527 1167 Febr.
553 1136 592 1168 et
614 1127 837 1185 Pompeius
859 1126 965 1169 bello
982 1127 1026 1170 in
1044 1127 1190 1170 Africa
1208 1127 1396 1169 maximo
1414 1126 1604 1168 confecto
1621 1127 1672 1168 de

69 1178 264 1220 Domitio
284 1191 324 1222 et
344 1180 505 1224 Hierba
521 1195 675 1238 >praeter
691 1184 919 1241 legitimam
942 1195 1104 1228 aetatem
1127 1183 1411 1241 triumphavit.
1446 1185 1544 1226 Hoc
1560 1199 1672 1226 anno

70 1235 296 1279 Sertoriani
319 1238 417 1280 belli
439 1239 481 1281 in
506 1241 714 1298 Hispania
733 1242 903 1285 initium
926 1242 1030 1286 fuit:
1065 1259 1207 1285 causas
1235 1243 1359 1284 etiarn
1383 1240 1532 1283 (ficero
1553 1256 1671 1298 agere

68 1293 224 1348 coepit:
257 1310 355 1337 nam
390 1312 462 1354 pro
491 1298 696 1341 Quinctio
718 1316 883 1342 causam
907 1300 1105 1357 privatam
1128 1300 1234 1355 apud
1255 1299 1475 1357 Aquilium
1498 1299 1672 1341 Gallum

63 1351 253 1408 judicem
274 1352 391 1405 dixit,
425 1367 463 1396 et
484 1354 634 1398 iterum
656 1372 697 1398 se
717 1357 901 1410 Moloni,
935 1358 1004 1415 qui
1023 1359 1177 1415 legatus
1199 1358 1245 1399 ad
1267 1359 1466 1400 Senatum
1483 1356 1534 1398 de
1549 1357 1668 1399 Rho-

70 1408 232 1452 diorum
255 1411 440 1468 praemiis
460 1424 638 1467 venerat,
671 1430 838 1473 operam
862 1415 1034 1468 dedisse,
1067 1416 1111 1457 in
1129 1416 1259 1458 Bruto
1282 1414 1353 1459 ait.

432 1524 651 1567 ANNUS
685 1526 862 1568 UREIS
896 1525 1191 1568 CONDITAE
1213 1529 1312 1568 673.

148 1615 242 1652 Coss.
263 1615 306 1652 L.
327 1615 495 1652 Cornelio
514 1615 615 1665 Syllci
633 1618 685 1653 II.
717 1617 759 1652 9.
781 1616 926 1653 Οιεσὶῐίο
945 1615 1102 1652 Metello
1115 1617 1202 1658 Pio,
1231 1624 1312 1652 ante
1334 1606 1511 1653 Christum
1525 1619 1587 1658 79.

578 1668 762 1706 Ciceronis
776 1670 968 1718 vigesimus
984 1671 1106 1720 septim
1113 1681 1158 1704 ηε.

131 1754 301 1797 Sextum
325 1752 523 1796 Roscium
546 1751 799 1795 Amerinum
822 1752 1027 1809 parricidii
1044 1768 1160 1795 reum
1181 1752 1363 1796 defendit
1379 1754 1545 1807 Cicero,
1585 1755 1672 1811 qu&

68 1810 116 1853 in
146 1812 271 1854 causa
301 1812 626 1867 Lhrysogonum
662 1811 787 1868 Syllae
825 1811 1017 1852 libertum
1054 1819 1353 1868 praepotentem
1375 1810 1577 1855 invidiose
1599 1813 1668 1855 in-

70 1877 249 1912 sectatus
266 1876 342 1910 est.
384 1869 494 1909 Haec
510 1868 617 1910 actio
634 1868 768 1924 prima
783 1868 892 1909 ill'ms
907 1868 1071 1925 publica
1085 1868 1178 1921 fuit,
1201 1868 1243 1910 in
1261 1869 1344 1925 qna
1361 1868 1489 1911 victor
1505 1880 1670 1913 tantum

37 1918 51 1926 ⁶*
73 1924 449 1968 commendationis
472 1925 632 1978 habuit,
664 1935 711 1968 ut
733 1925 846 1968 nulla
869 1927 958 1982 jam
981 1926 1172 1981 deinceps
1192 1926 1328 1978 fuerit,
1361 1941 1455 1982 quae
1474 1941 1562 1969 non
1581 1927 1669 1985 ejus

71 1984 198 2040 digna
234 1981 463 2040 patrocinio
500 1982 713 2026 videretur.
776 1985 925 2025 Statim
965 1994 1055 2039 post
1093 1985 1200 2026 hanc
1236 1983 1518 2029 defensionem
1554 1996 1670 2028 metu

71 2041 215 2097 Syllae,
264 2055 389 2096 quem
428 2040 731 2096 perstrinxerat,
781 2042 972 2082 Athenas
1012 2042 1193 2093 secessit,
1227 2042 1335 2084 unde
1372 2044 1535 2085 tantum
1576 2054 1669 2099 post

70 2098 295 2141 triennium
320 2099 500 2140 Romam
522 2098 678 2140 redivit.
741 2099 839 2140 Hoc
873 2114 983 2140 anno
1017 2100 1085 2142 M.
1121 2100 1329 2141 Thermus
1349 2098 1576 2156 Mitylenas
1596 2115 1668 2145 ex-

24 2199 25 2202 *
69 2155 286 2214 pugnavit,
332 2164 371 2197 et
408 2154 582 2211 imperio
622 2157 814 2199 Romano
854 2155 1022 2198 addidit.
1101 2157 1309 2212 Deposuit
1353 2171 1516 2214 quoque
1553 2158 1670 2216 Sylla

69 2213 351 2265 Dictaturam,
383 2221 423 2254 et
443 2211 487 2254 in
511 2214 752 2255 Cumanum
771 2213 951 2256 secessit.

421 2325 649 2368 ANNUS
680 2324 858 2367 URBIS
890 2324 1186 2367 CONDITAE
1205 2329 1304 2372 674,

93 2418 187 2455 Coss.
207 2418 250 2454 P.
264 2417 426 2454 Servilio
443 2417 551 2455 Vatini
565 2419 746 2460 isaurico,
776 2418 895 2468 Appio
912 2418 1066 2456 Claudio
1077 2418 1249 2462 Pulchro,
1280 2426 1363 2455 ante
1379 2418 1557 2456 Christum
1570 2420 1634 2457 78.

575 2470 758 2509 Ciceronis
781 2472 970 2519 vigesimus
994 2479 1153 2508 octavus.

122 2553 272 2601 ¹Cicero
303 2563 490 2597 causatus
519 2554 792 2596 valetudinem
825 2556 948 2611 hujus
968 2554 1066 2597 anni
1088 2564 1227 2599 aestate
1247 2556 1438 2599 Athenas
1458 2555 1664 2612 profectus

67 2619 143 2652 est.
176 2612 273 2652 Erat
291 2613 401 2652 certe
416 2629 462 2656 eo
481 2623 667 2668 tempore
686 2613 729 2654 in
748 2612 950 2654 Cicerone
967 2628 1133 2654 summa
1149 2613 1370 2669 gracilitaS,
1389 2624 1428 2664 et
1444 2612 1662 2655 infirmitas

67 2667 264 2723 corporis,
296 2683 510 2722 procerum
543 2679 583 2711 et
613 2680 734 2712 tenue
768 2670 942 2721 collum,
973 2670 1043 2726 qui
1065 2670 1233 2713 habitus
1253 2687 1336 2714 non
1360 2670 1499 2726 procul
1522 2670 1662 2714 abesse

65 2733 231 2779 putatur
246 2727 271 2767 ἐι
287 2724 381 2766 vitze
405 2726 600 2781 periculo,
623 2725 656 2767 si
678 2726 834 2768 accedit
854 2727 983 2779 labor,
1005 2727 1231 2769 etlaterum
1250 2728 1478 2771 contentio.
1499 2730 1658 2784 Itaque,

64 2783 164 2826 cuin
185 2797 279 2828 euni
302 2782 425 2829 amici
442 2794 482 2830 et
498 2783 649 2831 medici
663 2785 936 2838 hortarentur,
969 2796 1014 2828 ut
1035 2786 1059 2827 ῖι
1079 2784 1212 2829 causis
1235 2785 1402 2843 agendis
1423 2785 1659 2847 abstineret,

1572 2855 1661 2898 ipse
