1872 3135
492 125 716 170 ORATIO
748 126 818 199 ΙΝ
848 127 906 171 o.
940 127 1279 172 CAECILIUM.
1661 92 1736 171 2⁵¹

131 245 356 291 conservet,
379 253 513 295 neque
535 247 577 279 ut
597 236 740 294 reliqui
759 239 953 295 temporis
983 255 1096 296 spem
1119 240 1350 291 confirmet,
1368 237 1649 291 laborat5non

130 294 256 337 nimis
277 297 383 338 hanc
407 311 571 337 causam
596 298 747 348 severe,
780 311 865 338 non
902 297 1028 338 nimis
1062 300 1267 348 accurate,
1288 312 1372 338 non
1405 296 1530 338 nimis
1552 295 1647 338 dili·
1688 307 1711 341 5

129 363 280 408 genter*
302 365 502 395 acturum.
563 353 704 394 Habet
735 356 845 395 enim
884 354 1004 406 nihil,
1027 355 1136 411 quod
1159 356 1203 396 in
1223 354 1448 396 offensione
1469 355 1482 377 ‘¹
1503 354 1647 409 deper-

128 410 224 452 dat:
259 420 303 453 ut
320 409 584 466 turpissime,
608 409 1006 468 flagitiosissimeque
1026 412 1217 463 discedat,
1242 412 1344 454 nihil
1367 412 1416 453 de
1433 411 1516 453 suis
1536 422 1647 453 vete-

128 467 241 510 ribus
262 467 516 510 ornamentis
537 469 723 524 [equiret.
782 471 822 510 A
845 468 965 511 nobis
986 469 1137 510 multos
1155 469 1314 511 obsides
1332 472 1452 511 habet
1473 469 1649 526 populus

127 525 255 568 Rom.
295 541 399 583 quos
438 535 483 567 ut
519 524 747 567 incolumes
777 541 1029 576 conservare,
1062 526 1180 578 tucri,
1214 528 1472 577 confirmare,
1504 542 1550 568 ac
1582 541 1648 568 re-

126 597 318 640 cuperare
334 583 554 639 possimus,
571 582 685 624 omni
706 583 860 624 ratione
873 583 946 624 erit
963 582 1246 625 dimicandum
1263 601 1274 637 ;
1308 586 1429 627 habet
1447 586 1647 627 honorem
1663 592 1712 627 10

127 655 250 697 quem
288 641 492 696 petimus:
527 640 650 680 habet
681 653 812 693 spem,
843 654 967 695 quam
992 640 1240 695 propositam
1275 642 1393 683 nobis
1416 642 1645 695 habemu33

127 697 253 740 habet
271 697 616 740 existimationem
638 695 770 736 multo
791 697 952 748 sudore,
975 696 1128 749 labore,
1152 697 1383 755 vigiliis-que
1406 699 1644 742 collectam:

124 765 187 807 ut,
210 754 242 797 si
277 755 320 797 in
355 755 432 796 hac
453 756 575 795 causa
595 763 782 794 nostrum
816 753 1018 805 officium,
1060 770 1106 796 ac
1137 755 1389 812 diligentiam
1415 756 1647 811 probaveri-

126 828 237 864 mus,
261 813 368 864 haec,
391 826 485 867 quae
516 809 618 860 dixi,
652 808 820 852 retinere
854 826 924 867 per
943 827 1037 868 pop.
1061 814 1184 854 Rom.
1209 813 1437 855 incolumia
1457 829 1504 856 ac
1540 816 1649 857 salva

125 869 358 928 possimus:
391 868 425 910 si
446 877 460 893 0
479 868 686 909 tantulum
707 868 930 920 offensum,
968 868 1274 928 titubatumque
1305 871 1370 923 sit,
1408 881 1452 925 ut
1470 886 1532 923 ea,
1555 881 1709 930 quae15
1748 884 1750 886 ’

124 925 380 984 singulatim,
400 941 446 968 ac
466 924 536 967 diu
567 924 740 968 collecta
759 936 870 977 sunt,
892 942 979 968 uno
1010 935 1192 984 tempore
1209 928 1396 971 universa
1415 929 1648 983 perdamus.

123 986 400 1040 Quapropter,
421 983 606 1035 Judices,
626 993 806 1025 vesti-um
839 994 900 1026 est
929 984 1116 1041 deligere,
1150 1001 1273 1042 quem
1309 985 1551 1028 existimetis
1583 987 1646 1030 fa-

122 1041 278 1085 cillime
299 1056 418 1098 posse
443 1040 773 1098 magnitudinem
797 1056 946 1093 causae,
970 1043 1178 1100 acjudicii
1212 1042 1409 1086 sustinere
1426 1044 1521 1097 fide,
1550 1044 1647 1087 dili-

120 1101 275 1158 gentia,
297 1097 487 1150 consili0‚
510 1098 761 1145 auctoritate.
791 1100 880 1142 Vos
902 1099 934 1141 si
957 1099 1061 1141 mihi
1083 1102 1141 1144 Q.
1168 1101 1389 1147 Caecilium
1425 1110 1647 1159 anteposu-

119 1156 246 1209 eritis,
268 1171 344 1214 ego
360 1171 428 1198 me
458 1155 655 1215 dignitate
687 1166 922 1213 superatum
954 1173 1039 1200 non
1070 1158 1320 1201 arbitrabor:
1356 1159 1530 1216 populus
1558 1161 1646 1205 Ro·
1659 1169 1714 1204 20

120 1229 271 1257 manus
300 1229 352 1257 ne
373 1223 458 1257 tam
481 1215 714 1266 honestam,
738 1223 821 1257 tam
853 1230 1049 1268 severam,
1071 1216 1396 1274 diligentemque
1414 1219 1645 1261 accusatio-

118 1287 216 1318 nem
239 1287 373 1330 neque
389 1271 506 1315 vobis
525 1271 741 1329 placuisse,
764 1287 898 1331 neque
918 1271 1052 1317 ordini
1083 1286 1214 1319 vestro
1237 1273 1394 1333 placere
1415 1274 1645 1332 arbitretut,

119 1329 342 1388 providete.

405 1420 422 1444 ἃ
441 1421 484 1459 id
498 1422 646 1460 amittet.
806 1427 822 1446 ⁶
833 1423 1093 1473 aliquantulum
1106 1433 1290 1474 peccatum
1301 1433 1361 1463 est.

163 1511 194 1542 6.
217 1507 258 1540 In
272 1506 455 1550 offensione]
466 1506 617 1539 Ostendit
628 1505 683 1549 qui
696 1505 735 1538 ab
752 1505 856 1541 officio
948 1507 997 1539 ll.
1016 1507 1117 1539 Habe‘t
1131 1508 1234 1553 spem]
1259 1510 1437 1554 Aspirabat
1460 1511 1502 1545 ad
1524 1513 1649 1547 Praetu-

117 1563 175 1584 suo
191 1552 382 1584 accusatoris
411 1551 559 1590 discedit,
578 1550 686 1584 mimis
712 1555 798 1583 recte
823 1559 856 1584 et
900 1561 972 1583 ram
988 1559 1020 1583 et
1037 1553 1263 1588 Consulatum.

117 1597 240 1631 sincere
255 1606 411 1628 accusare.
949 1599 997 1627 12.
1036 1597 1326 1642 Existimatiouem]
1364 1600 1648 1634 Existimationem

160 1643 192 1672 ’1.
219 1640 371 1673 Veteribus
389 1638 594 1682 ornamentis]
621 1639 744 1671 Vetera
766 1650 861 1671 orna·
906 1640 1081 1671 maximam
1097 1641 1159 1672 sibi
1182 1642 1249 1684 jam
1266 1643 1383 1675 Cicero
1404 1654 1650 1688 comparaverat

115 1691 226 1716 menta
251 1684 426 1726 dignitates
442 1691 515 1714 sunt
531 1684 648 1725 quibus
674 1683 791 1726 aliquis
806 1685 862 1716 de·
906 1684 940 1716 in
955 1685 1103 1723 dicendo,
1118 1696 1190 1727 quae
1207 1687 1296 1719 nulla
1313 1698 1381 1720 erat
1397 1689 1430 1720 in
1445 1690 1590 1722 Caecilio.

113 1728 245 1761 functus
268 1736 328 1767 est,
355 1738 435 1772 quas
459 1726 564 1760 nullas
587 1727 730 1760 obtinuit
757 1729 861 1760 Caeci-
953 1730 1001 1760 14.
1020 1730 1084 1760 Per
1103 1738 1170 1771 pop.
1190 1731 1291 1774 Rom]
1310 1733 1378 1764 Suis
1393 1733 1554 1776 suffragiis
1569 1735 1651 1768 Ma-

116 1772 191 1806 lius.
901 1773 1058 1815 gistratus
1072 1774 1210 1816 populus
1226 1776 1322 1808 Rom.
1343 1777 1547 1812 decernebat.

160 1821 191 1850 8.
219 1817 341 1848 Ilsullos
362 1816 498 1859 obsidem]
521 1815 629 1851 Habet
645 1815 696 1849 vel
712 1827 860 1855 uxorem,
952 1819 1000 1849 19.
1017 1818 1072 1848 Vos
1087 1818 1138 1860 si]
1152 1819 1382 1852 Comminatur
1406 1822 1550 1854 modeste
1561 1823 1649 1866 judi·

113 1861 287 1900 liberos,et
299 1861 418 1893 amicos
429 1858 562 1892 Cicero:
579 1860 631 1892 vel
643 1859 751 1904 potius
762 1861 858 1893 AEdi-
903 1860 994 1893 cibus
1020 1861 1278 1903 indignationem
1309 1876 1385 1908 pop.
1414 1867 1512 1898 Rom.
1537 1867 1562 1898 si
1586 1868 1647 1900 sibi

115 1906 254 1944 litatem,
289 1916 387 1948 quam
414 1913 485 1936 tum
521 1905 678 1947 temporis
714 1905 854 1948 petebat.
900 1905 1069 1937 Caecilium
1086 1907 1270 1948 praeferant,
1286 1911 1342 1952 qui
1358 1910 1391 1942 in
1415 1911 1565 1945 omnibus
1587 1913 1648 1944 ci.

116 1949 212 1985 Unde
223 1949 314 1991 dicit,
326 1950 414 1982 habet
430 1951 565 1980 honoiem
575 1960 659 1991 quem
670 1951 810 1992 petimus.
900 1960 1014 1984 cei-ene
1031 1950 1165 1983 inferior
1180 1959 1236 1985 est,

1531 2872 1646 2918 PRO
