1887 3083
132 118 188 161 xii
600 124 668 166 M.
701 125 910 166 TULLII
943 124 1268 168 CICERONIS

129 244 255 285 quam
279 229 430 273 frustra
453 232 540 274 tota
560 243 699 276 aestate
717 243 996 290 oppugnatam
1019 234 1154 276 hieme
1175 234 1298 290 cepit.
1321 232 1483 276 Bellum
1505 231 1721 277 Creticum

129 288 299 342 publica
318 290 558 333 auctoritate
580 292 603 332 a
626 293 683 334 Q.
704 292 878 333 Metello
909 293 1156 334 Proconsule
1183 303 1423 335 renovatum
1444 301 1520 334 est.

488 433 703 475 ANNUS
740 434 913 475 ΗΠΒ-18
948 434 1237 478 CONDITAE
1260 440 1358 478 686,

252 526 349 564 Coss.
368 525 569 574 Calpurnio
590 526 730 568 Pisone,
762 525 823 561 AI.
844 524 968 561 Acilio
1002 525 1209 569 Glabrione,
1241 535 1322 563 ante
1341 527 1520 565 Christum
1540 533 1600 568 66.

672 579 859 613 Cat-annis
875 579 1177 628 qzeaclragwimzw.

184 662 367 707 Triarius
384 662 539 720 legatus
553 662 717 704 Luculli
734 663 753 702 ii
772 662 1015 704 Mithridate
1025 663 1155 705 victus
1170 674 1244 716 est,
1257 675 1295 706 et
1309 667 1722 721 captaRomanoi-um

131 732 274 764 castra.
310 720 530 776 Pompeius
552 720 703 761 bellum
730 721 950 761 Pii-aticum
975 721 1168 764 confecit.
1216 722 1309 763 Hoc
1333 738 1441 764 anno
1462 724 1624 767 licitum
1645 725 1723 768 fuit

132 777 325 822 Ciceroni
345 789 565 836 praeturam
584 787 734 833 petere,
757 793 906 833 nempe
924 777 1076 819 bienno
1094 790 1185 834 post
1203 779 1440 822 aedilitatem
1459 798 1467 822 :
1491 781 1591 824 lieet
1608 783 1719 824 mul-

130 847 192 878 tos
206 836 370 878 haberet
384 834 689 891 competitores,
707 850 856 891 eosque
874 836 979 876 viros
999 836 1199 887 illustres-5
1223 846 1357 878 tamen
1376 838 1534 894 primus
1545 855 1593 883 ex
1608 849 1719 893 octo,

127 895 197 952 qui
217 905 308 937 tum
326 893 495 946 fiebant,
528 892 760 935 incredibili
783 891 907 934 totius
927 893 1066 951 populi
1088 893 1297 936 voluntate
1318 896 1579 939 renunciatus
1600 908 1674 940 est.

491 1037 707 1079 ANNUS
740 1037 917 1078 URBIS
951 1037 1241 1080 CONDITAE
1265 1042 1365 1085 687.

255 1132 360 1169 Coss.
383 1129 444 1167 M.
461 1129 619 1166 AEmz'lio
638 1128 792 1177 Lepido,
825 1127 868 1164 L.
894 1129 1059 1165 Volcatio
1084 1130 1198 1173 Tullo,
1228 1139 1310 1166 anie
1330 1131 1510 1168 Christum
1529 1134 1591 1169 65.

594 1181 778 1218 Ciceronis
792 1181 1087 1232 quadragesimus
1097 1184 1251 1232 primns.

180 1267 249 1310 Ad
288 1268 492 1317 Kalendas
525 1266 741 1321 Januarias
775 1278 994 1323 praeturam
1034 1266 1129 1308 iniit
1161 1267 1327 1320 Cicero,
1359 1279 1399 1310 et
1429 1268 1649 1326 quaestioni
1669 1271 1718 1312 de

123 1325 309 1383 pecuniis
348 1324 580 1382 repetundis
619 1323 798 1380 praefuit.
875 1323 1042 1366 Judieia
1076 1327 1188 1367 caste
1229 1325 1468 1383 integreque
1506 1327 1716 1370 exercuit:

124 1385 225 1425 cum
247 1382 359 1425 enim
392 1383 580 1426 Licinius
610 1384 769 1432 Macer,
803 1382 872 1438 qui
908 1381 1091 1424 multum
1127 1383 1171 1424 in
1208 1382 1370 1425 civitate
1406 1393 1578 1440 poterat,
1609 1385 1716 1441 apud

123 1455 217 1482 eum
251 1451 355 1483 esset
386 1451 600 1483 accusatus
630 1440 679 1480 de
710 1439 898 1494 pecuniis
931 1441 1179 1495 repetundis,
1211 1451 1251 1482 et
1281 1442 1432 1483 Crasso
1453 1452 1627 1496 patrono
1651 1442 1718 1484 ille

121 1508 315 1550 uteretur,
347 1497 540 1540 omnium
577 1497 788 1538 sententiis
823 1497 1042 1538 damnatus
1080 1507 1150 1539 est.
1213 1499 1312 1540 Quo
1335 1499 1559 1555 exjudicio
1581 1500 1718 1543 multo

120 1556 322 1613 majorem
346 1556 526 1598 fructum
548 1570 595 1597 ex
627 1554 769 1610 populi
792 1553 1095 1596 existimatione
1127 1554 1250 1610 cepit,
1282 1556 1409 1611 quam
1433 1571 1484 1597 ex
1505 1555 1650 1612 ipsius,
1682 1557 1717 1600 si

122 1613 335 1654 absolutus
371 1624 489 1665 esset,
523 1611 655 1670 gratia
691 1611 949 1667 percepisset.
1012 1613 1128 1653 cum
1159 1615 1254 1653 vero
1284 1612 1491 1655 RIanilius
1524 1614 1717 1657 tribunus

119 1671 252 1726 plebis
273 1671 402 1727 legem
426 1670 744 1726 promulgasset,
777 1679 823 1723 ut
841 1669 994 1711 bellum
1017 1668 1357 1711 Mithridaticum
1379 1670 1577 1727 Pompeio
1599 1687 1717 1714 eom-

118 1727 363 1779 mitteretur,
398 1729 515 1784 eique
539 1729 845 1769 adversarentur
865 1728 925 1770 Q.
952 1725 1198 1768 Hortensius
1218 1738 1258 1769 et
1277 1726 1468 1780 Catulus,
1503 1727 1576 1770 viri
1595 1729 1713 1771 Con-

120 1785 300 1838 sulares3
349 1785 500 1828 Cicero
537 1787 691 1827 Praetor
723 1799 814 1825 eam
851 1785 978 1826 suasit
1012 1785 1093 1826 hac
1132 1783 1332 1836 oratione,
1378 1800 1472 1842 quae
1510 1801 1583 1842 pro
1626 1788 1717 1845 lege

117 1843 301 1886 Manilia
330 1842 584 1885 inscribitur.
644 1840 845 1884 Defendit
874 1857 1035 1898 quoque
1054 1841 1228 1884 Avitum
1262 1842 1505 1885 Cluentium
1528 1845 1715 1887 veneficii

117 1901 226 1956 apud
261 1901 501 1943 Volcatium
542 1910 774 1955 praetorem.
853 1900 975 1941 Dixit
1013 1915 1086 1956 pro
1116 1901 1182 1941 M.
1214 1900 1448 1953 Fundanio,
1481 1909 1521 1942 et
1558 1901 1714 1946 Gallio.

113 1958 241 2001 Licet
260 1962 354 2000 vero
375 1959 553 2013 praetura
575 1957 824 2015 fungeretur,
857 1966 995 1998 tamen
1018 1957 1205 1998 scholam
1227 1959 1290 1999 M.
1314 1957 1493 2000 Antonii
1512 1959 1712 2015 Gnipho-

113 2015 183 2058 nis
198 2015 482 2073 frequentavit.
543 2017 742 2056 Extremo
778 2030 921 2055 mense
957 2016 1077 2071 hujus
1111 2014 1225 2067 anni,
1259 2017 1358 2056 etim
1398 2015 1592 2058 Ciceroni
1620 2017 1713 2075 jam

112 2073 289 2116 biduum
321 2084 392 2115 aut
427 2073 610 2115 triduum
643 2083 832 2129 praeturae
870 2082 1108 2128 superesset,
1150 2072 1378 2115 Manilium
1411 2073 1582 2131 quidam
1615 2075 1713 2118 furti

114 2132 222 2187 apud
254 2131 393 2187 ipsum
424 2129 660 2187 postulavit.
723 2129 919 2172 Studebat
956 2130 1137 2172 Manilio
1176 2131 1369 2186 populus,
1401 2131 1509 2188 quod
1547 2142 1712 2189 propter

115 2188 364 2246 Pompeium
382 2187 562 2230 accusari
586 2187 800 2229 videretur.
855 2187 970 2231 Cum
988 2187 1112 2244 igitur
1128 2188 1333 2229 Manilius
1351 2204 1484 2230 unum
1504 2189 1614 2231 diem
1635 2205 1709 2245 pe-

113 2247 262 2299 tiisset,
284 2262 332 2288 ac
347 2246 494 2288 Cicero
511 2246 675 2287 tantum
692 2244 975 2300 insequentem
992 2246 1184 2297 dedisset,
1207 2246 1383 2302 populus
1400 2246 1573 2304 indigne
1588 2246 1680 2293 tulit
1698 2265 1710 2290 z

113 2305 226 2360 quod
246 2319 340 2345 mos
358 2312 478 2355 esset,
500 2313 545 2345 ut
560 2302 700 2344 decem
720 2302 949 2344 minimum
971 2303 1056 2344 dies
1081 2305 1276 2345 Praetores
1297 2303 1374 2345 reis
1395 2305 1551 2347 darent.
1585 2305 1707 2349 Qua-

98 2367 157 2403 're
177 2361 401 2418 productus
428 2360 473 2402 in
494 2361 741 2401 concionem
763 2362 786 2401 ᾗ
810 2359 984 2402 tribunis
1004 2360 1151 2416 plebis,
1184 2360 1321 2417 ibique
1341 2370 1574 2414 accusatus,
1606 2363 1709 2405 cnm

114 2420 300 2476 rogasset
329 2428 375 2461 ut
404 2417 606 2469 audirent,
638 2417 757 2470 dixit,
792 2433 849 2470 se,
880 2418 950 2474 qui
983 2418 1026 2460 in
1055 2434 1143 2460 reos
1164 2433 1339 2475 semper,
1372 2420 1578 2474 quantum
1598 2419 1707 2478 leges

112 2475 410 2532 permitterent,
444 2475 575 2518 comis
606 2486 645 2517 et
677 2477 887 2517 humanus
919 2475 1077 2528 fuisset,
1111 2475 1331 2533 indignum
1359 2476 1587 2533 judicasse,
1619 2492 1707 2520 non

112 2533 289 2575 eundem
312 2549 354 2575 se
371 2532 553 2575 Manilio
570 2541 777 2589 praestare.
840 2535 982 2589 Itaque
999 2534 1035 2574 ei
1053 2533 1180 2585 diem,
1202 2549 1326 2590 quem
1344 2549 1478 2576 unum
1497 2534 1710 2578 Praetorin

113 2591 190 2632 sua
207 2600 405 2647 potestate
423 2591 604 2642 haberet,
627 2590 764 2632 dedita
785 2591 910 2646 oper&
925 2590 1218 2647 praefinivisse:
1243 2594 1344 2632 cnm
1360 2606 1445 2633 non
1463 2591 1515 2633 sit
1531 2592 1617 2649 ejus
1634 2593 1706 2649 qui

113 2647 170 2690 rei
191 2663 356 2690 causam
377 2648 566 2705 adjuvare
585 2647 697 2699 velit,
727 2647 775 2689 ad
807 2647 936 2689 alium
968 2649 1254 2705 magistratum
1288 2647 1492 2703 judicium
1526 2649 1712 2706 rejicere„

114 2705 215 2748 Hac
235 2705 419 2747 oratione
439 2705 568 2746 animi
590 2704 743 2761 populo
765 2705 820 2746 ita
841 2706 1087 2748 commutati
1110 2716 1223 2760 sunt,
1255 2716 1301 2747 ut
1329 2705 1578 2748 Ciceronem
1609 2706 1704 2748 totis

115 2762 486 2805 acclamationibus
508 2762 711 2818 prosecuti
732 2772 936 2819 rogarent,
969 2772 1014 2804 ut
1028 2763 1197 2806 Manilii
1219 2763 1494 2819 patrocinium
1518 2763 1702 2820 suscipe-

116 2828 202 2872 ret3
234 2821 344 2877 quod
374 2820 442 2863 ille
474 2818 701 2877 praesertim
734 2819 788 2862 ob
825 2820 1073 2877 Pompeium
1105 2821 1318 2864 absentem
1350 2821 1500 2880 cupide
1535 2820 1704 2877 recepit,

1468 2880 1705 2942 magnaque
