1872 3135
888 110 923 155 V
936 111 1053 157 ITA.
1129 120 1135 124 ‘
1712 110 1783 153 xix

181 226 273 285 pelo
293 226 533 270 muneribus
554 227 770 284 corruptus
791 229 1015 280 liberasset,
1041 229 1090 271 de
1112 228 1219 270 illius
1242 226 1375 269 reditu
1399 229 1524 283 opera
1548 225 1780 268 amicorum

180 301 296 341 agere
336 301 387 327 cu
404 287 474 342 pit.
537 287 766 329 Resistente
794 288 945 329 frustra
983 287 1150 334 Clodio,
1188 285 1342 341 placuit
1379 284 1566 335 Senatui,
1602 282 1707 324 nihil
1737 283 1782 324 in

182 342 341 398 Repub.
366 343 595 395 decernere,
618 344 732 386 nulla
751 346 800 386 de
822 361 862 386 re
882 360 1014 402 agere,
1040 345 1119 386 nisi
1148 345 1260 400 prius
1280 344 1428 385 Cicero
1446 343 1496 383 ab
1518 341 1639 382 exilio
1662 355 1779 382 revo-

182 411 355 442 caretur.
417 402 580 444 Quarto
612 402 700 444 Kal.
737 402 993 445 Novembris
1034 414 1129 444 octo
1162 402 1317 443 tribuni
1346 400 1476 456 plebis
1494 400 1542 440 de
1565 397 1781 441 Ciceronis

181 457 314 499 reditu
354 459 487 514 legem
524 461 838 517 promulgarunt
860 477 869 502 :
920 460 1148 516 iisdemque
1180 458 1447 501 referentibus
1491 458 1533 502 P.
1575 455 1781 498 Lentulus

182 515 342 557 Consul
363 516 600 574 designatus
619 518 1003 574 praestantissimam
1022 517 1269 559 sententiam
1285 518 1334 558 de
1352 516 1554 557 Cicerone
1575 513 1692 556 dixit.

538 632 755 674 ANNUS
788 633 963 675 URBlS
997 631 1293 674 CONDITAE
1315 631 1430 679 696..

234 720 237 721 ⁷
268 724 360 762 Coss.
380 724 423 762 P.
440 724 601 760 Cornelio
619 723 785 767 Lentulo,
805 725 845 760 Ω.
861 723 1008 760 Caece'lz'o
1023 723 1176 760 „Metello
1190 723 1336 773 Nepote,
1350 732 1429 759 ante
1442 722 1615 760 Christum
1635 723 1698 760 56.

721 776 900 814 Ciceronis
920 779 1240 828 qzcinquagesimus.

237 863 339 904 Non
358 861 470 917 prius
491 861 695 903 Lentulus
714 877 811 902 cum
831 861 1005 904 Metello
1025 861 1307 904 Consulatum
1328 859 1461 912 inivit,
1486 862 1615 917 quam
1631 860 1680 902 de
1699 861 1776 903 Ci-

182 934 327 961 cerone
349 920 576 961 revocando
599 921 807 976 agencium
830 922 1000 975 putavit.
1062 921 1208 976 Itaque
1244 919 1294 960 de
1330 919 1438 960 illius
1478 919 1610 959 reditu
1644 920 1777 961 Sena-

180 988 286 1018 tores
317 976 566 1019 sententiam
586 977 717 1034 rogati
738 988 845 1019 sunt.
906 978 1033 1020 Cotta
1063 978 1164 1019 dixit
1204 977 1310 1026 nihil
1336 977 1431 1033 jure
1459 985 1600 1017 actum
1621 991 1709 1017 esse
1729 978 1780 1018 de

181 1035 400 1087 Cicerone,
422 1035 528 1077 nihil
549 1050 663 1076 more
684 1035 907 1092 majorum,
930 1036 1037 1077 nihil
1069 1036 1243 1092 legibus,
1266 1035 1442 1092 ideoque
1457 1034 1547 1091 lege
1566 1049 1652 1076 non
1673 1049 1780 1090 opus

179 1107 266 1134 esse
294 1103 341 1135 ut
371 1090 653 1144 revocaretur3
688 1102 727 1134 at
757 1096 916 1135 censuit
936 1095 1174 1150 PompeiuS,
1194 1103 1239 1135 ut
1259 1094 1436 1135 Senatfis
1459 1091 1680 1134 auctoritas
1703 1093 1778 1134 be-

179 1150 329 1192 neficio
343 1150 485 1208 populi
507 1151 737 1193 firmaretur
755 1168 766 1202 3
801 1166 861 1193 res
879 1152 1017 1194 subito
1039 1150 1371 1201 confectaesset,
1394 1150 1474 1191 nisi
1489 1150 1638 1191 Sextus
1660 1150 1778 1192 Atti-

179 1207 258 1254 lius
279 1211 303 1251 ὲ
325 1208 505 1251 factione
524 1209 679 1260 Clodii,
699 1208 757 1250 vir
777 1210 1055 1261 turbulentus,
1074 1225 1158 1251 non
1176 1224 1299 1251 ausus
1321 1209 1491 1265 quidem
1511 1207 1777 1261 intercedere,

177 1276 348 1309 noctem
368 1267 447 1309 sibi
468 1267 517 1309 ad
537 1267 847 1309 deliberandum
871 1269 1129 1324 postulasset.
1192 1268 1271 1309 Sed
1309 1269 1409 1309 cum
1445 1275 1655 1322 perspecta
1675 1276 1781 1308 esset

178 1325 357 1366 Senatus
391 1325 597 1377 voluntas,
637 1340 760 1366 causa
796 1327 843 1367 ad
886 1327 1089 1383 populum
1124 1340 1224 1368 v111.
1262 1325 1351 1366 Kal.
1389 1326 1485 1366 Feb.
1522 1323 1654 1366 delata
1683 1323 1777 1367 fuit.

176 1382 302 1424 Nihil
321 1398 408 1425 non
428 1384 594 1425 effecere
613 1383 823 1435 Clodiani,
846 1398 892 1426 ut
905 1384 1128 1427 'Ciceronis
1150 1383 1326 1425 reditum
1343 1382 1620 1439 prohiberent.
1683 1384 1781 1438 Ipse

179 1439 354 1482 Clodius
373 1441 553 1498 acceptis
569 1443 594 1484 ὲ,
614 1441 735 1483 fratre
750 1443 893 1498 Appio
911 1442 1222 1500 gladiatoribus,
1243 1455 1346 1498 quos
1380 1440 1423 1482 in
1461 1439 1603 1482 funere
1640 1440 1781 1482 Marci

180 1498 404 1556 propinqui
425 1502 489 1542 sui
509 1501 678 1541 daturus
699 1510 796 1551 erat,
817 1501 858 1542 in
889 1501 1202 1543 multitudinem
1238 1499 1444 1555 impetum
1476 1498 1584 1539 fecit.
1646 1498 1781 1540 Multi

178 1555 287 1597 cives
307 1572 406 1599 cum
422 1557 620 1600 Tribunis
645 1556 774 1613 plebis
810 1559 1009 1600 vulnerati
1045 1568 1156 1610 sunt,
1191 1557 1315 1600 multi
1342 1556 1482 1598 occisi.
1546 1557 1603 1599 Q..
1630 1556 1780 1598 Cicero

177 1612 284 1656 inter
299 1615 494 1657 cadavera
517 1625 717 1672 tanquam
734 1615 895 1658 occisus
910 1617 1044 1674 jacuit
1063 1633 1070 1658 :
1117 1614 1411 1657 crudelissimae
1445 1615 1486 1655 in
1519 1613 1608 1655 foro
1646 1614 1780 1656 caedes

175 1671 298 1713 factae
332 1681 445 1714 sunt.
506 1673 633 1724 Milo,
667 1673 739 1729 qui
777 1689 945 1716 summo
982 1674 1117 1717 studio
1154 1674 1403 1716 Ciceronem
1436 1669 1776 1729 prosequebatur,

178 1729 380 1772 Clodium
419 1730 469 1772 de
499 1730 539 1772 vi
573 1731 807 1787 postulavit.
869 1734 1032 1775 Verum
1054 1733 1094 1774 in
1117 1732 1328 1790 judicium
1353 1746 1439 1771 non
1471 1730 1671 1772 adductus
1700 1741 1776 1782 est,

176 1785 276 1844 quia
309 1788 433 1830 creati
465 1789 657 1830 nondum
685 1790 927 1832 Quaestores
945 1802 1074 1843 erant,
1094 1806 1165 1846 per
1184 1804 1288 1846 quos
1307 1787 1671 1845 sortitiojudicum
1692 1788 1779 1830 fieri

175 1845 365 1888 debebat.
418 1847 561 1890 Quare
582 1850 682 1888 cum
704 1847 813 1889 Milo
831 1848 1157 1907 videretjudicio
1173 1848 1316 1890 locum
1337 1862 1420 1887 non
1439 1861 1541 1897 esse,
1565 1861 1616 1887 ne
1633 1846 1779 1888 omnia

175 1901 343 1945 interim
360 1903 535 1946 Clodius
557 1903 824 1961 perturbaret,
846 1908 996 1963 emptis
1017 1906 1329 1966 gladiatoribus,
1353 1904 1440 1962 ejus
1463 1903 1618 1946 furores
1641 1913 1682 1945 et
1703 1920 1778 1946 co-

174 1970 297 2003 natus
317 1963 519 2018 repressit.

232 2020 480 2077 Antequam
499 2031 639 2063 autem
669 2021 718 2063 de
756 2020 972 2064 Ciceronis
988 2019 1120 2062 reditu
1135 2019 1338 2062 sententia
1359 2020 1542 2072 ferretur,
1560 2021 1609 2063 iis
1630 2020 1776 2063 civita·

174 2075 284 2120 tibus
305 2078 455 2135 gratias
475 2079 650 2138 agendas
668 2095 753 2121 esse
774 2081 950 2122 Senatus
969 2079 1142 2130 censuit,
1167 2094 1263 2136 quae
1289 2080 1358 2121 M.
1389 2078 1578 2122 Tullium
1607 2094 1774 2135 recepe-

175 2144 268 2177 rant
287 2152 296 2177 :
329 2135 507 2179 decrevit
540 2137 680 2188 etiam,
700 2148 744 2180 ut
767 2139 838 2195 qui
859 2136 1089 2194 provincias
1110 2152 1209 2178 cum
1227 2137 1400 2193 imperio
1421 2137 1683 2187 obtinebant,
1707 2153 1775 2178 sa·-

174 2191 306 2235 lutem
337 2205 377 2237 et
405 2195 534 2237 vitam
565 2195 780 2237 Ciceronis
802 2196 1070 2247 custodirent,
1093 2204 1134 2236 et
1154 2206 1352 2236 cunctam
1382 2196 1424 2237 in
1446 2195 1612 2236 Italiam
1648 2194 1778 2236 literae

175 2250 425 2294 Consulares
447 2254 722 2306 mitterentur,
744 2264 788 2296 ut
810 2255 882 2312 qui
901 2255 1050 2310 Remp.
1085 2253 1240 2295 salvam
1275 2268 1361 2294 esse
1388 2253 1539 2295 vellent
1566 2268 1775 2294 convoca-

174 2319 331 2361 rentur,
361 2319 407 2352 ut
427 2312 475 2352 de
508 2312 710 2354 Cicerone
745 2324 940 2369 ageretur.
1004 2312 1119 2354 Cum
1161 2311 1284 2368 igitur
1322 2327 1370 2352 ex
1408 2310 1604 2353 omnibus
1642 2310 1777 2353 Italiae

175 2366 360 2422 partibus
388 2377 500 2411 tanta
538 2369 780 2425 multitudo,
812 2380 968 2428 quauta
997 2385 1232 2426 nunquam,
1274 2371 1456 2411 Romam
1489 2368 1775 2422 confluxisset,

173 2425 380 2468 Lentulus
403 2427 604 2470 Senatum
627 2427 668 2469 in
696 2428 955 2485 Capitolium
976 2427 1234 2470 convocavit.
1295 2426 1537 2469 Adfuerunt
1557 2429 1775 2469 Senatores

176 2483 466 2546 quadringenti
486 2496 527 2528 et
560 2486 756 2542 ampliu&
819 2489 876 2531 Q.
900 2488 1047 2542 Nepos
1066 2485 1226 2529 Consul
1245 2484 1358 2535 alter,
1383 2485 1456 2542 qui
1477 2484 1672 2526 Ciceroni
1690 2494 1776 2527 erat

175 2541 387 2594 mimicus,
404 2552 494 2586 tum
512 2545 690 2586 Senatas
706 2545 962 2596 auctoritate,
985 2555 1076 2586 tum
1099 2544 1203 2586 Pub⁴
1222 2543 1382 2586 Servilii
1397 2542 1593 2600 gravitate
1609 2542 1776 2585 dicendi
1837 2595 1840 2599 ⁵

176 2608 402 2652 permotuS,
426 2616 524 2644 cum
543 2604 610 2645 M.
629 2602 769 2644 Tullio
786 2603 932 2644 absens
954 2602 1069 2644 rediit
1090 2602 1133 2643 in
1154 2602 1343 2659 gratiam,
1362 2616 1408 2642 ac
1431 2616 1503 2656 pro
1519 2615 1568 2641 eo
1598 2600 1772 2642 mitissi-

174 2669 292 2696 mam
325 2657 470 2702 habuit
507 2661 753 2703 orationem.
834 2661 1056 2717 Pompeius
1100 2661 1150 2702 de
1185 2660 1336 2714 scripto
1371 2657 1620 2701 sententiam
1652 2659 1774 2710 dixit,

174 2713 332 2770 unique
350 2715 546 2760 Ciceroni
565 2718 824 2774 Reipublicae
855 2727 1107 2761 conservatae
1133 2716 1423 2769 testimonium
1453 2716 1592 2758 dedit:
1625 2731 1776 2758 omnes

175 2770 364 2827 Pompeii
385 2777 631 2818 sententiam
650 2777 794 2828 secuti,
814 2786 985 2832 excepto
1006 2792 1092 2818 uno
1111 2775 1277 2825 Clodio,
1300 2774 1351 2816 ab
1379 2773 1501 2816 exilio
1523 2773 1775 2816 Ciceronem

175 2832 432 2877 revocarunt.
493 2836 670 2879 Senatus
708 2835 807 2877 illud
844 2834 1085 2877 consultum
1119 2847 1288 2877 summo
1319 2831 1444 2875 totius
1467 2828 1610 2889 populi
1627 2832 1775 2889 plausu

922 2906 948 2933 C
979 2901 1004 2934 2
1735 2900 1776 2932 et
