1887 3109
585 139 809 183 ORATIO
842 139 911 182 IN
942 137 995 180 L.
1030 134 1314 180 PISONEM.

179 256 246 299 Ac
264 255 418 308 tamen,
441 255 473 298 si
495 253 719 297 consilium
741 253 921 312 exquiris
942 269 1101 306 meum,
1135 267 1278 309 neque,
1300 265 1376 309 ego
1406 249 1636 301 cessissem,
1671 260 1711 292 et

179 329 248 355 nie
267 313 355 369 ipsa
373 328 446 355 suo
469 313 688 370 complexu
710 314 838 369 patria
858 313 1070 363 tenuisset,
1094 310 1127 352 si
1147 309 1253 352 mihi
1274 325 1370 351 cum
1392 308 1462 350 illo
1494 308 1709 350 bustuario

177 371 414 428 gladiatore,
452 381 491 413 et
526 381 680 422 tecum,
717 381 756 411 et
791 386 887 412 cum
922 370 1081 426 collega
1115 379 1184 410 tuo
1219 367 1510 409 decertandum
1549 365 1707 408 fuisset.

175 427 275 471 Alia
300 429 411 470 enim
435 428 556 470 eausa
576 426 902 484 praestantissimi
927 427 999 468 viri
1035 428 1095 469 Q.
1131 425 1294 467 Metelli
1326 424 1432 466 fuit:
1467 439 1592 481 quem
1632 439 1708 481 ego

175 485 309 527 civem
348 502 441 528 meo
471 485 631 543 judicio
668 501 763 527 cuin
801 486 971 527 deorum
1005 483 1305 525 immortalium
1327 483 1444 524 laude
1465 482 1702 538 conjungo:
1726 487 1779 521 55

173 543 247 599 qui
271 545 324 586 C.
363 544 420 585 illi
455 544 586 585 'Mario
619 542 843 585 fortissimo
881 541 982 593 viro,
1019 551 1058 582 et
1092 555 1176 581 cos.
1209 550 1249 582 et
1269 543 1432 581 sextum
1453 539 1645 590 Consuli,
1668 551 1709 583 et

174 601 262 655 ejus
283 600 447 644 invictis
469 601 715 657 legionibus,
734 616 787 641 ne
807 600 931 641 armis
949 596 1201 653 confligeret,
1220 597 1446 639 cedendum
1463 612 1548 638 csse
1568 597 1704 641 duxit.

175 659 304 702 Quod
327 658 431 701 mibi
450 659 573 716 igitur
593 670 799 700 certamen
821 666 924 698 esset
943 654 1214 713 hujusmodi?
1252 670 1348 696 cum
1374 656 1426 697 C.
1461 655 1599 696 Mario
1622 655 1705 697 sci-

175 715 286 768 licet,
321 726 391 759 aut
433 732 529 758 cum
564 715 703 772 aliquo
743 713 860 770 pari?
911 728 963 755 an
1003 728 1100 754 cum
1131 712 1254 754 altero
1284 712 1454 754 barbato
1485 713 1706 768 Epicureo,

174 789 272 815 cum
303 774 428 816 altero
460 772 652 815 Catilinae
685 771 928 814 laternario?
983 785 1086 827 quos
1129 784 1263 834 neque
1307 769 1473 811 hercule
1503 785 1593 827 ego,
1628 787 1702 813 ne·
1723 772 1780 810 60

173 847 253 888 que
298 830 563 887 supercilium
605 840 741 880 tuum,
774 844 909 886 neque
951 828 1120 884 colleg-ce
1163 837 1221 869 tui
1254 827 1443 884 cymbala
1474 842 1520 868 ac
1553 829 1705 870 crotala

172 889 284 946 fugi:
317 903 450 945 neque
481 902 566 930 tam
599 886 657 928 fui
690 885 878 939 timidus,
910 895 956 927 ut
986 887 1058 943 qui
1090 885 1134 927 iu
1163 884 1358 926 maximis
1391 884 1626 927 turbinibus
1655 902 1703 928 ac

171 946 363 988 fluctibus
387 944 646 1002 ‘reipublicae
691 960 837 986 navem
883 943 1194 1002 gubernassem,
1242 943 1478 999 salvamque
1511 945 1552 984 in
1584 954 1705 999 portu

169 1004 460 1053 collocassem,
495 1002 641 1045 frontis
671 1012 752 1044 tuae
773 1001 1043 1054 nubeculam,
1075 1011 1167 1043 tum
1199 1000 1370 1058 collegae
1401 1000 1459 1042 tui
1492 1002 1700 1043 contami-

169 1062 315 1103 natum
343 1061 533 1116 spiritum
566 1060 921 1116 pertimescerem:
955 1058 1056 1101 alios
1086 1074 1161 1116 ego
1191 1058 1276 1100 vidi
1305 1067 1466 1111 ventos,
1489 1058 1586 1100 alias
1609 1075 1702 1115 pro-
1720 1063 1772 1102 65

170 1119 287 1174 spexi
305 1118 446 1160 animo
462 1118 674 1174 procellas,
696 1118 783 1160 aliis
801 1117 1135 1174 impendentibus
1154 1116 1464 1173 tempestatibus
1482 1131 1566 1158 non
1581 1117 1700 1170 cessi,

167 1177 237 1218 sed
259 1175 324 1218 his
344 1192 478 1217 unum
501 1192 567 1218 me
584 1191 657 1232 pro
679 1176 870 1221 omnium
891 1175 1018 1217 salute
1040 1174 1186 1217 obtuli.

1248 1178 1391 1231 Itaque
1408 1173 1586 1216 discessu
1610 1184 1702 1217 tum

168 1249 262 1276 meo
300 1249 446 1276 omnes
489 1233 546 1275 illi
577 1233 720 1275 nefarii
752 1233 876 1290 gladii
905 1233 954 1275 de
984 1232 1182 1275 manibus
1213 1231 1507 1274 crudelissimis
1537 1232 1701 1274 excide-

167 1302 287 1343 runt3
337 1294 439 1333 cum
485 1291 653 1348 quidem
696 1302 754 1343 tu,
788 1294 814 1332 ὃ
860 1306 1000 1334 vecors
1032 1300 1071 1332 et
1101 1305 1260 1342 amem,
1295 1293 1393 1331 cum
1424 1305 1570 1332 omnes
1600 1289 1702 1333 boni

167 1347 293 1391 abditi
343 1348 576 1407 inclusique
619 1358 859 1402 moererent,
910 1348 1064 1405 templa
1112 1357 1338 1406 gemerent,
1372 1357 1478 1390 tecta
1507 1347 1596 1405 ipsa
1625 1363 1696 1390 ur-
1719 1341 1773 1398 ’ἶό

166 1594 235 1618 tota
251 1586 424 1618 auctoritas
441 1585 570 1618 Senatui
581 1594 690 1629 erepta
705 1584 816 1617 fuerat.
843 1586 912 1616 Un-

167 1632 206 1662 de
236 1631 317 1668 nihil
345 1631 383 1662 ab
411 1642 448 1662 eo
474 1630 584 1662 auxilii
609 1642 736 1674 sperare
761 1638 911 1673 potuerat

169 1675 290 1706 Cicero.

209 1722 262 1750 51.
282 1719 387 1760 Neque
402 1729 454 1757 egro
470 1717 635 1756 cessissem]
655 1717 775 1749 Maluit
794 1718 908 1750 Cicero

160 1763 276 1795 cedere
292 1763 333 1801 ei,
350 1770 382 1794 et
397 1763 485 1794 abire
508 1763 540 1793 iu
558 1762 700 1799 exilium,
717 1766 815 1804 quzim
841 1774 909 1794 cer·

161 1807 260 1839 tando
277 1819 349 1839 cum
364 1806 556 1840 Consulibus
578 1806 691 1838 Pisone
707 1815 738 1838 et
757 1807 909 1845 Gabinio,

163 1859 196 1882 et
213 1852 328 1883 Clodio
357 1851 619 1893 tribuno-plebis,
644 1862 802 1894 exponere
827 1852 906 1884 sedi-

162 1895 305 1927 tionibus
321 1895 578 1938 Rempublicam.

204 1941 256 1971 52.
274 1941 440 1971 Buscuario
461 1938 652 1981 gladiatore]
671 1939 823 1971 Clodium
840 1940 905 1983 sig-

160 1983 282 2021 nificat,
297 1985 365 2026 qui,
381 1994 416 2016 ut
426 1984 536 2015 scribit
548 1984 610 2015 Dio
626 1982 682 2014 lib.
697 1987 747 2014 39.
766 1986 839 2016 cum
855 1985 905 2016 lex

158 2030 200 2060 ad
214 2029 372 2071 populum
388 2029 426 2060 de
438 2028 615 2060 revocando
632 2028 789 2060 Cicerone
805 2028 907 2061 ferre—

159 2081 225 2110 tur,
234 2073 371 2116 acceptis
389 2076 406 2102 a
420 2072 519 2104 fratre
536 2072 648 2115 Appio
660 2071 904 2115 gladiatoribus,

157 2129 238 2159 quos
251 2117 304 2148 ille
317 2118 349 2148 in
360 2114 471 2149 funere
487 2117 594 2148 Marci
608 2118 781 2159 propinqui
792 2119 839 2149 sui
851 2119 906 2149 da-

159 2170 249 2193 turus
260 2169 341 2199 erat,
355 2162 478 2204 impetu
495 2161 528 2192 in
551 2161 795 2193 multitudinem
811 2162 908 2202 facto,

157 2205 276 2237 multos
322 2206 517 2244 vulneravit,
549 2206 731 2247 multosque
779 2207 907 2239 occidit.

158 2251 347 2283 Bustuatius
362 2253 461 2293 porro
477 2249 595 2282 dicitur
612 2254 628 2280 ὲ
644 2250 750 2286 busto,
768 2250 823 2282 ubi
846 2252 907 2283 sci-

159 2293 233 2325 licet
240 2302 443 2328 mortuorum
454 2295 607 2326 cadavera
621 2294 906 2329 comburebantur.

205 2341 257 2369 54.
282 2339 355 2370 Alia
375 2341 452 2370 enim
475 2339 590 2381 summ]
608 2339 726 2370 Reddit
743 2340 808 2381 jam
826 2341 905 2372 rati·

161 2392 254 2413 onem
271 2394 370 2425 quare
379 2383 519 2415 noluerit
534 2383 652 2414 Clodio
667 2384 823 2415 resistere.

205 2425 250 2456 lb.
276 2428 314 2460 Q.
335 2428 488 2469 ‚Mestum
524 2427 680 2459 RIetellus
709 2430 825 2460 maluit
849 2429 904 2461 ab·

158 2471 204 2500 irc
219 2470 250 2500 in
263 2470 405 2509 exilium,
420 2472 517 2514 quam
533 2473 565 2503 in
582 2471 801 2504 Gracchorum
818 2473 904 2516 leges

156 2516 277 2555 ¹iurare,
294 2516 367 2546 esim
393 2517 552 2558 Apuleius
579 2517 769 2548 Saturninus
789 2516 904 2549 Mario

159 2557 301 2589 Consule
316 2557 465 2597 confi-us,
486 2561 627 2592 minatus
643 2569 688 2592 est
702 2572 733 2592 se
750 2561 903 2593 interdic-

158 2611 270 2633 turum
295 2604 376 2644 aqu&
391 2611 423 2634 et
444 2604 518 2645 igne
540 2605 594 2646 qui
614 2605 834 2646 juramentum
851 2617 901 2638 re-

159 2654 344 2677 tractarent.
392 2646 470 2678 Vide
491 2649 696 2680 Plutarchum
712 2650 744 2680 in
763 2651 885 2682 Niario.

188 2691 322 2722 59.Cum
335 2692 427 2722 allero
438 2691 563 2723 barbato
572 2693 741 2736 Epicurea]
754 2695 903 2727 Pisonem

159 2735 326 2777 intelligit,
352 2735 405 2778 qui
438 2737 570 2778 Epicuri
593 2745 684 2768 sectae
710 2738 903 2771 adhaerebat.

158 2779 332 2811 Barbatum
357 2781 430 2811 verb
446 2788 548 2818 vocat,
563 2781 637 2821 quia
654 2781 749 2823 prisci
765 2782 812 2814 illi
831 2785 905 2816 Phi-

159 2823 282 2865 losophi
307 2824 438 2855 barbam
456 2824 583 2856 alebant
599 2825 640 2855 ad
666 2825 835 2858 severitati<
852 2841 902 2861 05-

156 2869 342 2901 tensionem.
394 2869 491 2909 [Vide
508 2877 573 2901 not.
587 2869 627 2900 ad
644 2867 740 2903 finem
757 2869 857 2914 libri}

1002 1585 1054 1617 50.
1074 1585 1214 1617 Catilinae
1229 1584 1420 1626 laterum-ia]
1447 1585 1626 1620 Gabinium
1642 1586 1698 1618 de-

955 1638 1058 1667 notat,
1073 1630 1130 1672 qui
1153 1640 1259 1661 comes
1283 1630 1430 1662 Catilinae
1443 1639 1602 1662 nocturno
1619 1638 1700 1662 tem-

953 1674 1105 1717 poreibat
1117 1675 1154 1704 ad
1165 1682 1290 1717 stupra3
1307 1675 1389 1705 unde
1401 1677 1494 1706 Orat.
1513 1678 1537 1703 1.
1550 1675 1581 1705 in
1600 1674 1697 1706 Catil.
1745 1678 1749 1681 ”

954 1719 997 1750 sic
1010 1719 1055 1750 ait
1068 1719 1106 1750 de
1123 1730 1172 1755 eo,
1185 1720 1241 1749 Cui
1256 1724 1287 1748 tu
1299 1719 1522 1756 adolescentulo,
1540 1730 1623 1759 quem
1634 1731 1700 1750 cor—

952 1764 1136 1805 ruptelarum
1162 1763 1306 1793 illecebris
1329 1764 1483 1800 irretisses,
1501 1775 1558 1794 non
1584 1769 1638 1794 aut
1662 1766 1702 1794 mi

953 1809 1108 1838 audaciam
1125 1809 1255 1846 serrum,
1285 1812 1337 1837 aut
1367 1808 1408 1836 acl
1432 1808 1582 1838 libidinem
1596 1810 1700 1845 facem

946 1852 1136 1892 prtctztlisti!
1159 1850 1252 1882 Alibi
1284 1851 1417 1882 Gabinii
1451 1852 1555 1882 virum
1585 1853 1700 1884 Catili-

952 1906 1027 1927 nam
1058 1895 1253 1939 appellavit3
1288 1896 1490 1938 videturque‘
1510 1896 1561 1926 hic
1596 1896 1698 1928 etiam

950 1940 1085 1972 eandem
1115 1940 1355 1971 obsroenitatem
1386 1939 1577 1982 significare.
1623 1943 1696 1984 Ap-

949 1985 1048 2027 pellat
1071 1984 1173 2027 igitur
1198 1985 1426 2021 Latet-narium,
1454 1985 1542 2026 quod
1566 1993 1600 2016 ut
1625 1985 1695 2017 heri

949 2040 1064 2072 pueros
1096 2028 1152 2071 qui
1179 2028 1318 2059 laternas
1343 2037 1480 2070 gestant,
1499 2032 1516 2059 a
1533 2037 1623 2071 tergo
1650 2041 1699 2062 se-

951 2082 1107 2115 quuntur,
1124 2073 1167 2103 sic
1185 2072 1326 2104 Catilina
1348 2072 1487 2104 Gabinio
1504 2073 1696 2106 adolescenti

950 2118 1040 2160 qua-i
1065 2117 1239 2150 laternario
1262 2119 1420 2160 perpetuo
1439 2121 1456 2148 a
1472 2125 1565 2160 tergo
1588 2118 1697 2151 affixus

950 2170 1041 2194 esset.

993 2208 1043 2238 61.
1068 2205 1235 2247 Cymbala]
1254 2205 1448 2247 Cymbalum
1465 2217 1564 2249 genus
1582 2214 1627 2239 est
1643 2208 1694 2240 in·

949 2251 1119 2283 strumenti
1137 2251 1255 2283 Musici
1271 2262 1309 2282 ex
1325 2261 1398 2289 aere,
1411 2260 1588 2282 concavum
1604 2252 1696 2287 illud.

950 2303 982 2326 et
999 2296 1085 2338 quod
1101 2295 1141 2326 ad
1165 2295 1347 2326 saltandum
1368 2294 1563 2336 pribabatur,
1582 2307 1644 2337 quo
1661 2297 1694 2327 in

949 2341 1082 2371 deorum
1105 2340 1227 2371 NIatris
1241 2339 1349 2377 sacris,
1364 2347 1395 2371 et
1412 2339 1445 2370 in
1468 2339 1553 2371 bello
1569 2339 1695 2371 Arabes

948 2384 1133 2416 utebantur.

994 2429 1039 2460 lb.
1057 2427 1202 2467 crotala]
1217 2426 1386 2460 Crotalum
1403 2427 1562 2461 musicum
1575 2428 1693 2459 instru-

947 2481 1095 2504 mentum
1112 2480 1170 2509 est‚
1189 2472 1274 2514 quod
1295 2472 1423 2514 pulsum
1444 2472 1475 2502 in
1493 2483 1569 2503 sono
1584 2482 1695 2504 vocem

949 2518 1091 2549 Ciconiae
1107 2517 1267 2553 imitatur,
1283 2517 1351 2558 ipsa
1366 2516 1452 2547 enim
1466 2517 1547 2558 apud
1562 2517 1694 2559 AEgyp-

947 2561 1008 2593 tio<
1024 2561 1172 2593 Crotalus
1189 2561 1381 2603 appellatur.

991 2608 1043 2636 δ’).
1063 2606 1213 2636 Mai-imis
1226 2603 1417 2643 turbinibus.]
1443 2604 1504 2634 Per
1526 2604 1694 2646 metapho-

946 2661 1014 2681 rim
1055 2650 1211 2690 intelligit
1242 2649 1388 2681 Catilina:
1427 2648 1696 2689 conjurationem,

947 2705 1043 2737 quam
1057 2695 1203 2726 extinxit.

993 2740 1046 2769 64,
1073 2739 1315 2769 contaminatum
1340 2735 1500 2776 spiritum]
1526 2735 1602 2769 Vult
1630 2738 1693 2780 sig-

949 2782 1079 2814 nificare
1097 2782 1242 2813 libidine<
1260 2780 1422 2810 ochoenas
1439 2780 1580 2814 Gabinii.

992 2827 1042 2857 69.
1055 2828 1127 2857 Cz‘zm
1143 2836 1243 2856 omnes
1258 2824 1350 2862 honix}
1382 2825 1602 2868 Hyperbolice·
1618 2836 1691 2857 cru-

947 2871 1111 2904 delitatem
1130 2869 1255 2905 Pisonis
1272 2868 1433 2901 de÷‹·ribit.

1002 2927 1028 2952 r?
1630 2910 1693 2952 bis

1703 143 1786 183 259
