1872 3140
729 158 813 202 DE
842 155 1206 201 SENECTUTE.
1693 158 1776 201 517

171 288 264 319 tuus
285 275 416 317 avitus
446 272 674 317 Masinissa
704 272 798 330 quae
831 273 953 315 faciat
978 272 1117 324 hodie,
1141 269 1368 328 nonaginta
1395 283 1526 311 annos
1552 277 1699 310 natus:
1723 275 1777 311 3⁵

135 371 137 373 .
171 337 272 376 cum
295 333 498 390 ingressus
515 332 589 374 iter
607 331 780 387 pedibus
798 331 870 382 sit,¹
888 329 930 371 in
952 345 1107 386 equum
1129 329 1304 370 omnino
1325 339 1411 369 non
1431 327 1700 379 adscendere;

169 395 271 433 cum
299 405 422 447 equo,
445 405 493 431 ex
516 404 622 446 equo
656 403 739 430 non
761 388 1034 430 descendere:
1069 386 1183 428 nullo
1215 386 1364 437 imbre,
1401 384 1516 426 nullo
1554 383 1703 439 frigore

171 447 335 497 adduci,
355 457 399 488 ut
419 446 549 502 capite
566 455 706 502 operto
724 445 799 487 sit:
833 459 1044 486 summam
1077 445 1117 485 in
1139 459 1189 486 eo
1216 457 1301 485 esse
1332 441 1513 498 corporis
1535 440 1702 482 siccita-

170 515 284 546 tem:
317 507 454 562 itaque
475 504 619 560 exequi
634 503 777 544 omnia
805 502 908 559 regis
940 501 1077 542 officia
1106 511 1145 542 et
1171 515 1358 542 munera.
1421 497 1705 555 Potestigitur

167 562 401 604 exercitatio
421 571 461 603 et
482 559 750 617 temperantia
773 559 896 601 etiam
934 558 1133 600 senectuti
1167 572 1405 600 conservare
1422 556 1576 614 aliquid
1592 555 1700 613 pris?-
1721 559 1786 596 40¹

169 620 247 662 tini
266 620 438 661 roboris.
1485 630 1489 633 '

225 678 307 719 XI.
337 678 443 719 Non
474 685 570 717 sunt
603 674 646 717 in
667 682 876 717 senectute
896 673 1022 715 vires:
1054 688 1107 715 ne
1127 672 1388 730 postulantur
1407 670 1577 729 quidem
1595 670 1702 713 vires

167 736 193 776 it
209 731 415 775 senectute
432 749 444 785 ;
477 743 634 791 ergoet
665 731 819 790 legibus
837 741 877 774 et
897 731 1094 773 institutis
1122 741 1248 772 vacat(
1271 738 1529 772 aetasnostra
1546 744 1699 770 mune-

167 791 280 833 ribus
300 790 363 843 iis,
385 806 478 848 quae
499 806 583 832 non
604 800 776 847 possunt
797 788 883 831 sine
897 789 1048 831 viribus
1066 788 1252 830 sustineri
1272 804 1284 838 3
1318 787 1457 844 itaque
1475 802 1562 829 non
1574 787 1703 829 modo

169 848 280 904 quod
299 863 383 890 non
405 863 639 904 possumus,
661 848 728 889 sed
751 862 802 888 ne
822 856 1025 904 quantum
1045 861 1265 902 possumus
1287 845 1471 903 quidem,
1494 842 1698 902 cogimur.

135 940 138 943 .
168 909 228 948 At
249 906 305 947 ita
323 906 443 947 multi
468 915 564 948 sunt
594 904 794 948 imbecilli
824 919 958 957 senes,
979 913 1026 946 ut
1055 903 1221 945 nullum
1251 901 1396 955 officii,
1418 912 1489 944 aut
1524 901 1700 944 omnino
1723 905 1748 940 5

165 962 262 1005 vitae
278 978 432 1005 munus
453 962 600 1020 exequi
620 962 795 1020 possint.
856 963 918 1004 At
934 962 974 1004 id
992 960 1159 1018 quidem
1176 976 1263 1002 non
1279 960 1491 1016 proprium
1510 969 1702 1002 senectu-

167 1019 220 1062 tis
241 1029 302 1062 est
332 1021 496 1073 vitium,
519 1020 588 1062 sed
620 1035 849 1063 commune
879 1019 1134 1060 valetudinis.
1199 1019 1342 1061 Quam
1365 1017 1445 1059 fuit
1465 1016 1702 1060 imbecillus

168 1077 215 1120 P.
238 1077 427 1121 Africani
462 1078 571 1120 filius
601 1078 651 1130 is,
675 1077 746 1134 qui
767 1086 806 1119 te
827 1075 1059 1132 adoptavit!
1095 1078 1225 1132 quam
1245 1075 1373 1127 tenui,
1397 1086 1466 1117 aut
1486 1075 1602 1117 nulla
1624 1089 1702 1130 po-

167 1135 253 1177 tius
272 1135 529 1177 valetudine!
565 1135 675 1193 quod
707 1135 752 1176 ni
782 1134 839 1176 ita
866 1134 1026 1186 fuisset,
1051 1133 1226 1174 alterum
1245 1133 1311 1174 ille
1332 1133 1532 1175 extitisset
1559 1133 1703 1173 lumen

167 1192 342 1234 civitatis
360 1209 373 1245 3
406 1194 454 1235 ad
477 1202 689 1248 paternam
709 1191 822 1234 enim
839 1191 1172 1249 magnitudinem
1195 1191 1323 1232 animi
1338 1189 1526 1232 doctrina
1537 1189 1702 1232 uberior
1725 1193 1779 1229 10

165 1261 403 1293 accesserat.
442 1250 581 1295 'Quid
617 1250 770 1293 mirum
806 1250 931 1307 igitur
962 1250 1007 1291 in
1041 1248 1224 1299 senibus,
1244 1247 1277 1289 si
1311 1247 1466 1290 infirmi
1499 1259 1597 1290 sunt
1625 1247 1710 1288 ali-‘

167 1308 349 1372 quandO,
372 1309 473 1350 curn
512 1323 564 1349 ne
594 1308 634 1350 id
669 1308 838 1365 quidem
872 1307 1148 1349 adolescentes
1181 1305 1357 1362 effugere
1392 1304 1580 1362 possint?
1615 1306 1702 1347 Re-

166 1367 412 1417 ststeudum,
433 1366 554 1418 Laeli,
573 1376 612 1408 et
645 1365 802 1421 Scipio,
832 1365 1032 1407 senectuti
1062 1374 1138 1416 est,
1164 1365 1336 1422 ejusque
1363 1364 1462 1406 vitia
1490 1363 1704 1420 diligentia

170 1423 478 1478 compensanda
508 1433 614 1465 sunt.
676 1422 954 1480 Pugnandum
989 1431 1190 1479 tanquam
1227 1431 1371 1463 contra
1403 1420 1617 1472 morbum,
1643 1419 1702 1461 sic

169 1491 313 1522 contra
341 1491 607 1523 senectutem.
669 1481 877 1522 Habenda
911 1479 1014 1522 ratio
1046 1479 1319 1535 valetudinis;
1351 1479 1555 1520 utendum
1589 1493 1702 1519 exer·
1724 1480 1775 1515 15

169 1537 435 1580 citationibus
462 1538 639 1580 modicis
658 1554 666 1579 ε
699 1547 866 1580 tantum
885 1537 966 1579 cibi
985 1547 1025 1578 et
1043 1537 1225 1593 potionis
1247 1536 1546 1588 adhibendum,
1568 1546 1616 1578 ut
1636 1551 1702 1577 re-

167 1595 360 1637 ficiantur
378 1595 497 1647 vires,
520 1612 607 1637 non
626 1595 928 1652 opprimantur.
987 1596 1083 1637 Nec
1101 1596 1202 1637 vero
1224 1594 1383 1651 corpori
1405 1594 1480 1636 soli
1503 1593 1700 1635 subveni-

169 1654 322 1706 endum
342 1663 416 1706 est,
442 1654 509 1696 sed
529 1653 660 1695 menti
682 1663 804 1710 atque
822 1654 962 1695 animo
980 1653 1116 1695 multo
1134 1652 1283 1710 magis.
1343 1653 1461 1695 Nam
1479 1653 1571 1694 haec
1593 1666 1700 1708 quo-

167 1725 264 1768 que,
283 1711 363 1753 nisi
382 1721 577 1768 tanquam
596 1711 745 1754 lumini
767 1711 906 1753 oleum
928 1711 1117 1762 instilles‚
1137 1712 1440 1767 extinguuntur
1460 1719 1698 1761 senectute,
1799 1748 1803 1753 ,

166 1777 208 1810 et
242 1784 415 1825 corpora
448 1771 617 1827 quidem
647 1768 938 1826 defatigatione
970 1779 1009 1809 et
1048 1768 1339 1810 exercitatione
1380 1768 1699 1824 ingravescunt3
1718 1771 1776 1806 ΞΟ
1814 1796 1817 1799 Α

167 1825 296 1868 animi
315 1839 450 1869 autem
467 1827 726 1869 exercitando
743 1827 927 1868 levantur
943 1843 953 1868 :
974 1841 1070 1868 nam
1086 1841 1187 1882 quos
1202 1826 1256 1867 ait
1271 1825 1705 1867 Caecilim--comz'cos

165 1885 313 1926 stultos
338 1900 468 1937 seneS,
499 1886 574 1926 hos
607 1885 812 1942 significat
831 1884 1032 1938 credulos,
1055 1884 1293 1936 obliviosos,
1325 1883 1573 1925 dissolutcs:
1605 1897 1702 1938 quae

166 1939 266 1983 vitia
283 1957 365 1983 non
389 1953 484 1984 sunt
503 1941 738 1994 senectutis,
762 1943 829 1995 sed
865 1941 1022 1992 inertis,
1045 1941 1220 2000 ignavae,
1240 1941 1534 1982 somniculosae
1555 1953 1701 1981 senec-

167 1999 297 2041 tutis:
331 2009 375 2041 ut
412 2000 652 2056 petulantia,
674 2009 720 2040 ut
752 1999 897 2052 libido,
930 1999 1063 2056 magis
1097 2009 1157 2040 est
1190 1998 1532 2050 adolescentium,
1567 1998 1700 2054 quam

167 2071 340 2109 senum3
374 2072 449 2099 nec
483 2067 622 2099 tamen
653 2057 847 2100 omnium
880 2057 1219 2107 adolescentium,
1246 2057 1313 2098 sed
1345 2057 1771 2112 non'proborum125

167 2113 227 2156 sic
258 2114 335 2156 ista
366 2115 504 2157 senilis
535 2114 719 2166 stultitia,
741 2130 836 2172 quae
869 2114 1054 2156 deliratio
1082 2114 1274 2170 appellari
1307 2115 1424 2166 solet,
1457 2128 1609 2155 senum
1638 2112 1697 2153 le-

164 2172 375 2223 vium'est,
409 2188 494 2215 non
529 2173 736 2215 omnium.
797 2174 990 2216 Quatuor
1010 2173 1200 2214 robustos
1225 2172 1347 2225 filios,
1372 2171 1556 2230 quinque
1576 2169 1699 2221 filias,

165 2238 325 2271 tantam
345 2231 536 2283 domum,
558 2240 690 2272 tantas
714 2229 921 2272 clientelas
951 2229 1117 2286 Appius
1146 2230 1309 2286 regebat
1334 2240 1371 2271 et
1392 2245 1531 2282 senex,
1553 2238 1592 2270 et
1612 2243 1696 2270 cae-

168 2301 240 2328 cus
260 2303 271 2328 ε
305 2287 513 2330 intentum
534 2288 647 2330 enim
663 2288 868 2340 animum,
891 2298 1090 2345 tanquam
1113 2284 1272 2340 arcum,
1293 2289 1485 2340 habebat,
1507 2285 1698 2328 nec‘lan-

167 2358 366 2402 guescens
399 2346 696 2388 succumbebat
730 2346 954 2388 senectuti:
999 2345 1162 2388 tenebat
1193 2352 1277 2387 non
1310 2345 1439 2388 modo
1472 2343 1694 2387 auctorita-
1714 2347 1772 2383 30

165 2412 268 2454 tem,
291 2403 358 2444 sed
385 2402 508 2446 etiam
542 2402 760 2458 imperium
800 2404 842 2445 in
874 2418 969 2445 suos
986 2420 999 2456 3
1034 2404 1274 2446 metuebant
1307 2403 1426 2455 servi,
1458 2401 1701 2444 verebantur

166 2457 300 2511 liberi,
325 2475 464 2502 carum
487 2475 632 2502 omnes
653 2460 859 2503 habebant
877 2478 886 2503 :
920 2460 1083 2518 vigebat
1103 2461 1146 2502 in
1165 2461 1238 2503 illa
1268 2461 1394 2504 domo
1413 2459 1570 2517 patrius
1590 2473 1701 2510 mos,

167 2526 207 2558 et
223 2517 455 2573 disciplina.
519 2518 582 2559 Ita
608 2518 719 2560 enim
754 2528 940 2561 senectus
975 2521 1147 2560 honesta
1166 2528 1241 2572 est,
1266 2517 1300 2559 si
1321 2534 1362 2561 se
1393 2518 1480 2575 ipsa
1499 2515 1700 2568 defendit,

165 2574 201 2616 si
214 2575 286 2631 jus
322 2590 445 2618 suum
475 2574 636 2626 retinet,
666 2575 699 2617 si
735 2575 896 2619 nemini
926 2577 1185 2633 emancipata
1219 2585 1294 2628 est,
1318 2577 1352 2618 si
1381 2589 1518 2633 usque·
1545 2575 1594 2616 ad
1625 2589 1700 2615 ex-

166 2635 347 2674 tremum
385 2632 577 2690 spiritum
603 2633 782 2675 vindicet
805 2634 874 2691 jus
909 2643 1062 2676 suurn:
1095 2644 1141 2675 ut
1170 2634 1282 2675 enim
1314 2633 1635 2682 adoiescentem,
1655 2629 1700 2673 in
1714 2635 1770 2672 35

153 2703 253 2746 ‘quo
289 2689 415 2732 senile
447 2689 635 2747 aliquid3
668 2690 726 2732 sic
758 2706 916 2743 senem,
949 2692 990 2733 in
1022 2706 1105 2748 quo
1141 2700 1200 2733 est
1223 2690 1490 2733 adolescentis
1524 2688 1698 2746 aliquid,

166 2746 323 2803 probo:
356 2748 558 2812 quod-qui
580 2748 776 2803 sequitur,
799 2764 968 2804 corpore
988 2764 1114 2790 senex
1134 2763 1221 2790 esse
1239 2749 1401 2804 poterit,
1423 2747 1565 2790 animo
1586 2762 1700 2788 nun·-

135 2824 138 2825 ⁷
168 2820 296 2862 quarn
329 2815 433 2848 ent.-
481 2804 692 2862 Septimus
711 2806 818 2848 mihi
839 2805 1062 2862 Originum
1081 2805 1182 2848 liber
1199 2805 1324 2848 estin
1347 2806 1568 2848 manibus:
1602 2817 1698 2845 om·

167 2861 239 2926 nia
271 2862 528 2922 antiquitatis
559 2876 836 2909 monumenta
855 2863 1035 2920 colligo:
1074 2878 1293 2907 causarum
1311 2863 1553 2914 illustrium,
1572 2875 1698 2918 quas-

196 2942 198 2944 ’
235 2938 240 2944 ’
914 2929 938 2963 2
957 2934 988 2963 N
1009 2929 1034 2962 2
1497 2961 1501 2967 ,
1522 2931 1706 2975 cumque
