1887 3083
939 120 1107 164 VITA..
1127 128 1130 132 '
1784 111 1830 154 iii

225 226 374 290 Statim
397 226 645 271 Saturninus
663 240 704 273 et
724 231 902 276 Glaucia
928 230 1132 276 interfecti
1163 238 1275 273 sunt.
1336 226 1552 272 Saturnini
1584 233 1708 280 caput
1736 223 1823 266 Ra-

223 282 352 325 binus
379 285 650 350 Senator-per
677 290 867 333 convivia
899 289 1171 333 circumtulit.
1215 289 1394 332 ‘Verum
1428 284 1587 342 poste-21,
1620 281 1826 325 Cicerone

225 340 426 393 C0¹¹SUl02
459 343 650 387 Rablrlus
690 347 981 402 perduellionis
1021 356 1238 390 accusatus
1275 345 1355 387 fuit
1393 346 1419 386 a
1456 341 1661 392 Labieno,
1706 338 1825 394 cujus

222 407 392 452 patruus
427 400 486 443 Q..
521 401 733 446 Labienus
770 421 866 449 cum
900 405 1125 449 Saturnino
1152 403 1315 446 occisus
1345 401 1488 444 fuerat.
1549 399 1649 440 Hoc
1678 395 1826 437 eodem

221 470 333 498 anno
353 465 474 499 natus
495 468 555 501 est
572 459 710 504 Julius
732 463 891 518 Caesar,
923 479 1064 506 mense
1085 461 1214 514 Julio,
1247 461 1312 504 die
1331 456 1593 502 duodecima.

585 573 803 617 ANNUS
836 576 1012 617 URBIS
1045 573 1340 615 CONDITAE
1361 576 1462 614 654.

220 660 315 699 Coss.
333 661 394 698 M.
415 663 587 707 Antonio,
606 664 652 701 Α.
668 666 884 704 Posthumio
904 667 1050 710 Albino,
1072 673 1156 703 ante
1177 663 1356 701 Christum
1376 666 1438 700 98.
1461 659 1647 698 Ciceronis
1659 664 1820 694 octavus.

279 747 459 788 Summa
480 747 607 790 totius
627 750 770 806 populi
792 750 1066 794 consensione
1079 746 1385 804 perhonorifice
1400 743 1598 788 Metellus
1613 741 1821 785 Numidi-

223 818 294 845 cus
316 815 527 846 revocatus
544 815 629 859 est3
653 818 692 849 et
714 809 878 861 Furius,
899 810 971 867 qui
993 806 1256 865 pertinaciter
1272 804 1398 862 hujus
1415 800 1562 845 reditui
1579 799 1821 851 obsistebat,

219 875 274 904 ne
286 870 522 917 exspectato
542 865 711 921 quidem
725 866 904 924 judicio,
938 867 980 908 in
1002 865 1160 923 quod,a
1178 862 1384 907 Canuleio
1404 860 1574 903 tribuno
1596 857 1725 914 plebis
1744 872 1819 898 vo-

220 927 334 959 catus
368 928 468 971 erat,
498 922 523 962 a
558 921 718 965 furente
751 925 1020 967 multitudine
1053 922 1284 979 discerptus
1312 930 1398 963 est:
1430 917 1497 961 his
1518 913 1775 960 Consulibus
1796 915 1823 956 ὲ

219 975 446 1033 Dolabella·
459 979 651 1023 Lusitani
675 981 834 1025 subacti
856 993 962 1025 sunt.

151 1156 160 1166 ἱ
581 1093 798 1137 ANNUS
831 1093 1005 1138 URBIS
1039 1091 1333 1137 CONDITAE
1354 1094 1449 1132 655.

221 1182 314 1220 Coss.
337 1185 379 1221 Ω.
399 1184 545 1222 Caecilz'o
564 1186 721 1224 stIetello
737 1188 889 1238 Nepote,
915 1187 953 1224 T.
969 1186 1103 1231 Didio,
1126 1194 1208 1223 ante
1224 1184 1404 1221 Christum
1419 1185 1482 1221 97.
1502 1178 1687 1217 Ciceronis
1699 1190 1820 1214 nonvs.

275 1268 346 1310 Ab
361 1269 425 1334 his
440 1270 695 1314 Consulibus
707 1272 788 1315 lata
801 1273 864 1315 lex
880 1281 940 1314 est
956 1269 1284 1322 CaeciliaDidia,
1297 1277 1336 1309 et
1346 1267 1397 1309 ab
1412 1265 1477 1308 his
1492 1264 1551 1307 sic
1565 1273 1821 1319 nuncupata,

217 1327 300 1382 qua
316 1337 522 1370 saneitum
542 1340 617 1383 est,
640 1345 692 1372 ne
710 1331 759 1372 de
776 1331 945 1373 diversis
966 1330 1087 1373 rebus
1104 1329 1167 1370 lex
1187 1327 1373 1377 ferretur,
1391 1333 1437 1366 ut
1452 1324 1559 1380 leges
1578 1320 1822 1364 trinundino

217 1383 587 1448 promulgarentur.
635 1387 722 1430 Hic
741 1391 863 1445 porro
880 1387 1077 1431 Metellus
1091 1396 1204 1444 pater
1219 1384 1328 1427 illius
1344 1381 1507 1425 Metelli
1522 1379 1618 1431 fuit,
1637 1379 1824 1436 quicum

218 1441 421 1485 C1cerone
441 1443 683 1488 inimicitias
704 1446 867 1499 habuit,
899 1456 939 1489 et
955 1445 1027 1504 qui
1045 1444 1208 1488 Consul
1225 1458 1323 1486 cum
1341 1456 1388 1482 eo
1407 1437 1526 1482 rediit
1540 1437 1584 1480 in
1602 1436 1790 1495 gratiam.

579 1569 797 1612 ANNUS
829 1564 1007 1612 URBIS
1041 1563 1335 1612 CONDITAE
1355 1567 1456 1607 656.

340 1661 435 1699 Coss.
457 1662 519 1698 Cn.
543 1661 709 1698 Cornelio
727 1661 893 1704 Lentulo,
925 1662 968 1697 P.
990 1660 1138 1698 Licinio
1159 1660 1299 1702 Crasso,
1331 1664 1415 1693 ante
1435 1653 1614 1691 Christum
1631 1654 1694 1691 96.

831 1714 1017 1750 Ciceronis
1035 1713 1203 1750 decimus.
1759 1712 1762 1714 ’

273 1800 371 1841 Hoc
385 1814 496 1841 anno
511 1799 728 1842 Antonius
743 1799 904 1842 Censor
918 1797 1194 1856 imperatoriis
1211 1792 1423 1839 manubiis
1439 1802 1567 1836 rostra
1583 1789 1758 1843 ornavit,
1773 1800 1820 1833 ut

215 1856 359 1899 scribit
380 1856 528 1900 Cicero
549 1857 623 1900 lib.
644 1868 686 1900 3.
710 1858 758 1899 de
775 1857 970 1910 Oratore3
994 1867 1034 1900 et
1050 1855 1346 1913 superstitiosas
1361 1852 1446 1895 illae
1464 1850 1686 1908 religiones
1704 1850 1744 1891 S.
1761 1849 1817 1892 C.

215 1914 387 1957 sublatae
409 1925 520 1969 sunt,
554 1931 652 1958 cum
674 1915 900 1969 sacrificiis,
933 1914 978 1958 in
998 1914 1150 1973 quibus
1166 1912 1360 1956 homines
1383 1908 1726 1952 immolabantur.

579 2044 798 2090 ANNUS
830 2040 1008 2089 URBIS
1041 2041 1335 2089 CONDITAE
1357 2041 1452 2088 657.

230 2142 322 2180 Coss.
345 2142 407 2180 Cn.
427 2141 598 2179 Domitio
615 2139 840 2184 AEnobarbo,
874 2140 996 2177 Cass-io
1015 2139 1194 2189 Longino,
1226 2145 1310 2177 ante
1330 2135 1509 2173 Christum
1527 2136 1591 2173 95.
1619 2131 1802 2170 Ciceronis

900 2193 1123 2230 undecimus.

271 2280 420 2324 Cicero
435 2295 509 2337 pro
523 2280 667 2323 Domo
687 2279 742 2321 ait
759 2279 843 2322 Cn.
857 2277 1100 2321 Domitium
1120 2273 1369 2324 Consulem,
1386 2272 1634 2322 Censorem,
1649 2277 1688 2311 et
1702 2269 1815 2311 Pon-

211 2338 364 2381 tificem
379 2338 614 2382 maximum
630 2353 671 2379 se
684 2352 858 2393 puerum
869 2336 1038 2379 vidisse:
1058 2335 1124 2378 his
1142 2335 1265 2377 Coss.
1286 2332 1537 2375 Ptolemaeus
1556 2329 1818 2385 Cyrenarum

210 2412 295 2451 rex,
314 2407 594 2455 cognomento
608 2396 738 2453 Apio,
757 2394 940 2437 moriens
951 2394 1154 2451 populum
1165 2394 1409 2436 Romanum
1421 2387 1630 2431 haeredem
1641 2382 1819 2442 reliquit.

569 2525 788 2569 ANNUS
822 2524 1001 2568 URBIS
1035 2521 1330 2566 CONDITAE
1352 2522 1452 2561 658.

367 2613 462 2656 Coss.
482 2616 526 2655 L.
545 2614 695 2655 Licinio
716 2617 855 2661 Crasso,
889 2616 930 2653 9.
952 2615 1082 2653 Mutio
1101 2611 1272 2657 Scaevolaz
1303 2619 1387 2648 cmte
1407 2609 1586 2648 Chm'stum
1600 2611 1663 2647 94.

784 2669 971 2707 Ciceronis
986 2668 1233 2706 duodecimus.

264 2755 366 2799 Duo
386 2755 445 2798 illi
464 2756 670 2800 Consules
686 2756 818 2813 legem
836 2753 1024 2797 Mutiam
1039 2750 1252 2795 Liciniam
1270 2748 1451 2792 tulerunt
1468 2748 1518 2790 de
1537 2740 1769 2805 redigendis
1782 2742 1829 2790 in

210 2827 302 2856 suas
319 2813 506 2857 civitates
524 2813 664 2868 sociis,
682 2813 754 2871 qui
769 2828 811 2856 se
827 2812 980 2870 passim
1000 2826 1074 2868 pro
1092 2809 1254 2852 civibus
1268 2805 1477 2859 Romanis
1496 2805 1712 2863 gerebant:
1732 2816 1827 2903 ql'uae

973 2882 1002 2912 B
1024 2877 1048 2912 2
1776 2873 1826 2904 'ex
