<?xml version="1.0" encoding="UTF-8"?>
<!DOCTYPE html PUBLIC "-//W3C//DTD XHTML 1.0 Transitional//EN"
    "http://www.w3.org/TR/xhtml1/DTD/xhtml1-transitional.dtd">
<html xmlns="http://www.w3.org/1999/xhtml" xml:lang="en" lang="en">
 <head>
  <title>
</title>
<meta http-equiv="Content-Type" content="text/html;charset=utf-8" />
  <meta name='ocr-system' content='tesseract 3.04.00' />
  <meta name='ocr-capabilities' content='ocr_page ocr_carea ocr_par ocr_line ocrx_word'/>
</head>
<body>
  <div class='ocr_page' id='page_1' title='image "./orationesquaedam00ciceuoft/orationesquaedam00ciceuoft_0231.png"; bbox 0 0 1872 3135; ppageno 0'>
   <div class='ocr_carea' id='block_1_1' title="bbox 66 97 1716 2235">
    <p class='ocr_par' dir='ltr' id='par_1_1' title="bbox 66 97 1716 2235">
     <span class='ocr_line' id='line_1_1' title="bbox 468 97 1694 146; baseline 0.002 -2"><span class='ocrx_word' id='word_1_1' title='bbox 468 99 699 144; x_wconf 83' lang='lat' dir='ltr'>ORATIO</span> <span class='ocrx_word' id='word_1_2' title='bbox 729 99 846 144; x_wconf 71' lang='lat' dir='ltr'>PRO</span> <span class='ocrx_word' id='word_1_3' title='bbox 871 99 921 143; x_wconf 87' lang='lat' dir='ltr'>L.</span> <span class='ocrx_word' id='word_1_4' title='bbox 952 97 1261 145; x_wconf 83' lang='lat' dir='ltr'>MURAENA.</span> <span class='ocrx_word' id='word_1_5' title='bbox 1615 106 1694 146; x_wconf 72' lang='lat'>189</span> 
     </span>
     <span class='ocr_line' id='line_1_2' title="bbox 80 210 1624 274; baseline -0.005 -12"><span class='ocrx_word' id='word_1_6' title='bbox 80 215 361 273; x_wconf 80' lang='lat' dir='ltr'>municipium</span> <span class='ocrx_word' id='word_1_7' title='bbox 396 215 756 274; x_wconf 85' lang='lat' dir='ltr'>antiquissimum,</span> <span class='ocrx_word' id='word_1_8' title='bbox 791 215 1060 258; x_wconf 84' lang='lat' dir='ltr'>consulatum</span> <span class='ocrx_word' id='word_1_9' title='bbox 1094 213 1324 258; x_wconf 83' lang='lat' dir='ltr'>attulisset:</span> <span class='ocrx_word' id='word_1_10' title='bbox 1357 226 1474 263; x_wconf 83' lang='lat' dir='ltr'>nunc</span> <span class='ocrx_word' id='word_1_11' title='bbox 1509 210 1624 254; x_wconf 82' lang='lat' dir='ltr'>idem</span> 
     </span>
     <span class='ocr_line' id='line_1_3' title="bbox 80 267 1622 336; baseline -0.005 -20"><span class='ocrx_word' id='word_1_12' title='bbox 80 275 267 336; x_wconf 81' lang='lat' dir='ltr'>squalore</span> <span class='ocrx_word' id='word_1_13' title='bbox 289 273 492 326; x_wconf 78' lang='lat' dir='ltr'>sordidus,</span> <span class='ocrx_word' id='word_1_14' title='bbox 515 272 729 316; x_wconf 83' lang='lat' dir='ltr'>confectus</span> <span class='ocrx_word' id='word_1_15' title='bbox 749 274 914 326; x_wconf 85' lang='lat' dir='ltr'>morbo,</span> <span class='ocrx_word' id='word_1_16' title='bbox 942 273 1138 330; x_wconf 78' lang='lat' dir='ltr'>lacrymis</span> <span class='ocrx_word' id='word_1_17' title='bbox 1158 287 1205 313; x_wconf 80' lang='lat' dir='ltr'>ac</span> <span class='ocrx_word' id='word_1_18' title='bbox 1219 285 1400 315; x_wconf 87' lang='lat' dir='ltr'>moerore</span> <span class='ocrx_word' id='word_1_19' title='bbox 1422 267 1622 333; x_wconf 77' lang='lat' dir='ltr'>perditus,</span> 
     </span>
     <span class='ocr_line' id='line_1_4' title="bbox 79 330 1621 388; baseline -0.003 -16"><span class='ocrx_word' id='word_1_20' title='bbox 79 341 210 374; x_wconf 82' lang='lat' dir='ltr'>vester</span> <span class='ocrx_word' id='word_1_21' title='bbox 229 341 290 372; x_wconf 84' lang='lat' dir='ltr'>est</span> <span class='ocrx_word' id='word_1_22' title='bbox 310 332 498 388; x_wconf 80' lang='lat' dir='ltr'><strong>supplex,</strong></span> <span class='ocrx_word' id='word_1_23' title='bbox 519 331 545 374; x_wconf 90' lang='lat' dir='ltr'>J</span> <span class='ocrx_word' id='word_1_24' title='bbox 549 331 705 384; x_wconf 80' lang='lat' dir='ltr'>udices,</span> <span class='ocrx_word' id='word_1_25' title='bbox 728 341 903 374; x_wconf 87' lang='lat' dir='ltr'>vestram</span> <span class='ocrx_word' id='word_1_26' title='bbox 925 339 939 357; x_wconf 62' lang='lat'>&#39;⁴</span> <span class='ocrx_word' id='word_1_27' title='bbox 959 331 1084 373; x_wconf 75' lang='lat' dir='ltr'>fidem</span> <span class='ocrx_word' id='word_1_28' title='bbox 1117 330 1362 379; x_wconf 84' lang='lat' dir='ltr'>obtestatur,</span> <span class='ocrx_word' id='word_1_29' title='bbox 1383 341 1621 370; x_wconf 80' lang='lat' dir='ltr'>misericor-</span> 
     </span>
     <span class='ocr_line' id='line_1_5' title="bbox 81 385 1622 446; baseline -0.004 -16"><span class='ocrx_word' id='word_1_30' title='bbox 81 388 194 435; x_wconf 86' lang='lat' dir='ltr'>diam</span> <span class='ocrx_word' id='word_1_31' title='bbox 210 388 419 445; x_wconf 85' lang='lat' dir='ltr'>implorat,</span> <span class='ocrx_word' id='word_1_32' title='bbox 441 398 617 432; x_wconf 79' lang='lat' dir='ltr'>vestram</span> <span class='ocrx_word' id='word_1_33' title='bbox 638 399 883 445; x_wconf 85' lang='lat' dir='ltr'>potestatem</span> <span class='ocrx_word' id='word_1_34' title='bbox 905 404 951 430; x_wconf 86' lang='lat' dir='ltr'>ac</span> <span class='ocrx_word' id='word_1_35' title='bbox 973 398 1126 430; x_wconf 84' lang='lat' dir='ltr'>vestras</span> <span class='ocrx_word' id='word_1_36' title='bbox 1148 402 1245 444; x_wconf 78' lang='lat' dir='ltr'>opes</span> <span class='ocrx_word' id='word_1_37' title='bbox 1267 386 1463 428; x_wconf 87' lang='lat' dir='ltr'>intuetur.</span> <span class='ocrx_word' id='word_1_38' title='bbox 1523 385 1622 446; x_wconf 74' lang='lat' dir='ltr'>No-</span> 
     </span>
     <span class='ocr_line' id='line_1_6' title="bbox 81 443 1693 502; baseline -0.004 -14"><span class='ocrx_word' id='word_1_39' title='bbox 81 446 168 498; x_wconf 78' lang='lat' dir='ltr'>lite,</span> <span class='ocrx_word' id='word_1_40' title='bbox 191 461 262 502; x_wconf 89' lang='lat' dir='ltr'>per</span> <span class='ocrx_word' id='word_1_41' title='bbox 281 446 378 488; x_wconf 89' lang='lat' dir='ltr'>deos</span> <span class='ocrx_word' id='word_1_42' title='bbox 399 447 672 499; x_wconf 83' lang='lat' dir='ltr'>immortales,</span> <span class='ocrx_word' id='word_1_43' title='bbox 690 448 715 490; x_wconf 80' lang='lat' dir='ltr'>J</span> <span class='ocrx_word' id='word_1_44' title='bbox 721 447 877 498; x_wconf 85' lang='lat' dir='ltr'>udices,</span> <span class='ocrx_word' id='word_1_45' title='bbox 900 448 981 489; x_wconf 69' lang='lat' dir='ltr'>hac</span> <span class='ocrx_word' id='word_1_46' title='bbox 1002 462 1100 488; x_wconf 89' lang='lat' dir='ltr'>eum</span> <span class='ocrx_word' id='word_1_47' title='bbox 1120 460 1179 496; x_wconf 87' lang='lat' dir='ltr'>re,</span> <span class='ocrx_word' id='word_1_48' title='bbox 1212 447 1296 501; x_wconf 63' lang='lat' dir='ltr'>qua</span> <span class='ocrx_word' id='word_1_49' title='bbox 1329 459 1370 485; x_wconf 89' lang='lat' dir='ltr'>se</span> <span class='ocrx_word' id='word_1_50' title='bbox 1405 443 1622 488; x_wconf 78' lang='lat' dir='ltr'>honestio-</span> <span class='ocrx_word' id='word_1_51' title='bbox 1644 451 1693 487; x_wconf 77' lang='lat'>15</span> 
     </span>
     <span class='ocr_line' id='line_1_7' title="bbox 83 500 1625 561; baseline -0.003 -16"><span class='ocrx_word' id='word_1_52' title='bbox 83 517 173 547; x_wconf 87' lang='lat' dir='ltr'>rem</span> <span class='ocrx_word' id='word_1_53' title='bbox 201 503 286 545; x_wconf 89' lang='lat' dir='ltr'>fore</span> <span class='ocrx_word' id='word_1_54' title='bbox 307 506 480 561; x_wconf 86' lang='lat' dir='ltr'>putavit,</span> <span class='ocrx_word' id='word_1_55' title='bbox 517 505 642 548; x_wconf 83' lang='lat' dir='ltr'>etiam</span> <span class='ocrx_word' id='word_1_56' title='bbox 678 505 834 547; x_wconf 81' lang='lat' dir='ltr'>caeteris</span> <span class='ocrx_word' id='word_1_57' title='bbox 871 507 967 546; x_wconf 75' lang='lat' dir='ltr'>ante</span> <span class='ocrx_word' id='word_1_58' title='bbox 1006 502 1130 559; x_wconf 84' lang='lat' dir='ltr'>partis</span> <span class='ocrx_word' id='word_1_59' title='bbox 1166 500 1468 552; x_wconf 80' lang='lat' dir='ltr'>honestatibus,</span> <span class='ocrx_word' id='word_1_60' title='bbox 1501 509 1625 556; x_wconf 89' lang='lat' dir='ltr'>atque</span> 
     </span>
     <span class='ocr_line' id='line_1_8' title="bbox 84 558 1625 620; baseline -0.002 -18"><span class='ocrx_word' id='word_1_61' title='bbox 84 561 203 603; x_wconf 89' lang='lat' dir='ltr'>omni</span> <span class='ocrx_word' id='word_1_62' title='bbox 224 560 422 620; x_wconf 81' lang='lat' dir='ltr'>dignitate</span> <span class='ocrx_word' id='word_1_63' title='bbox 457 561 706 619; x_wconf 60' lang='lat' dir='ltr'>fortunaque</span> <span class='ocrx_word' id='word_1_64' title='bbox 740 562 907 618; x_wconf 86' lang='lat' dir='ltr'>privare.</span> <span class='ocrx_word' id='word_1_65' title='bbox 967 561 1109 617; x_wconf 84' lang='lat' dir='ltr'>Atque</span> <span class='ocrx_word' id='word_1_66' title='bbox 1141 559 1198 601; x_wconf 76' lang='lat' dir='ltr'>ita</span> <span class='ocrx_word' id='word_1_67' title='bbox 1216 574 1287 600; x_wconf 84' lang='lat' dir='ltr'>vos</span> <span class='ocrx_word' id='word_1_68' title='bbox 1309 561 1521 609; x_wconf 77' lang='lat' dir='ltr'>Muraena,</span> <span class='ocrx_word' id='word_1_69' title='bbox 1542 558 1625 600; x_wconf 86' lang='lat' dir='ltr'>Ju-</span> 
     </span>
     <span class='ocr_line' id='line_1_9' title="bbox 84 614 1625 677; baseline -0.003 -16"><span class='ocrx_word' id='word_1_70' title='bbox 84 618 211 672; x_wconf 77' lang='lat' dir='ltr'>dices,</span> <span class='ocrx_word' id='word_1_71' title='bbox 231 631 317 662; x_wconf 87' lang='lat' dir='ltr'>orat</span> <span class='ocrx_word' id='word_1_72' title='bbox 337 630 459 677; x_wconf 88' lang='lat' dir='ltr'>atque</span> <span class='ocrx_word' id='word_1_73' title='bbox 479 620 681 671; x_wconf 81' lang='lat' dir='ltr'>obsecrat,</span> <span class='ocrx_word' id='word_1_74' title='bbox 703 620 735 660; x_wconf 90' lang='lat' dir='ltr'>si</span> <span class='ocrx_word' id='word_1_75' title='bbox 755 619 906 674; x_wconf 71' lang='lat' dir='ltr'>injuste</span> <span class='ocrx_word' id='word_1_76' title='bbox 929 618 1142 660; x_wconf 86' lang='lat' dir='ltr'>neminem</span> <span class='ocrx_word' id='word_1_77' title='bbox 1162 616 1283 667; x_wconf 85' lang='lat' dir='ltr'>laesit‚</span> <span class='ocrx_word' id='word_1_78' title='bbox 1309 617 1341 658; x_wconf 73' lang='lat' dir='ltr'>si</span> <span class='ocrx_word' id='word_1_79' title='bbox 1375 614 1529 658; x_wconf 90' lang='lat' dir='ltr'>nullius</span> <span class='ocrx_word' id='word_1_80' title='bbox 1549 630 1625 657; x_wconf 86' lang='lat' dir='ltr'>au-</span> 
     </span>
     <span class='ocr_line' id='line_1_10' title="bbox 86 671 1628 731; baseline -0.002 -13"><span class='ocrx_word' id='word_1_81' title='bbox 86 690 149 718; x_wconf 86' lang='lat' dir='ltr'>res</span> <span class='ocrx_word' id='word_1_82' title='bbox 169 677 474 720; x_wconf 83' lang='lat' dir='ltr'>voluntatemve</span> <span class='ocrx_word' id='word_1_83' title='bbox 503 676 683 728; x_wconf 81' lang='lat' dir='ltr'>violavit,</span> <span class='ocrx_word' id='word_1_84' title='bbox 708 676 740 716; x_wconf 81' lang='lat' dir='ltr'>si</span> <span class='ocrx_word' id='word_1_85' title='bbox 761 675 935 726; x_wconf 78' lang='lat' dir='ltr'>nemini,</span> <span class='ocrx_word' id='word_1_86' title='bbox 959 684 1004 717; x_wconf 89' lang='lat' dir='ltr'>ut</span> <span class='ocrx_word' id='word_1_87' title='bbox 1031 674 1240 731; x_wconf 59' lang='lat' dir='ltr'>levissime</span> <span class='ocrx_word' id='word_1_88' title='bbox 1261 674 1412 725; x_wconf 78' lang='lat' dir='ltr'>dicam,</span> <span class='ocrx_word' id='word_1_89' title='bbox 1435 671 1530 715; x_wconf 90' lang='lat' dir='ltr'>odio</span> <span class='ocrx_word' id='word_1_90' title='bbox 1549 688 1628 715; x_wconf 86' lang='lat' dir='ltr'>nec</span> 
     </span>
     <span class='ocr_line' id='line_1_11' title="bbox 88 731 1702 788; baseline -0.003 -12"><span class='ocrx_word' id='word_1_91' title='bbox 88 732 220 786; x_wconf 85' lang='lat' dir='ltr'>domi,</span> <span class='ocrx_word' id='word_1_92' title='bbox 243 750 319 777; x_wconf 85' lang='lat' dir='ltr'>nec</span> <span class='ocrx_word' id='word_1_93' title='bbox 351 734 512 782; x_wconf 83' lang='lat' dir='ltr'>militiae</span> <span class='ocrx_word' id='word_1_94' title='bbox 532 733 638 786; x_wconf 83' lang='lat' dir='ltr'>fuit3</span> <span class='ocrx_word' id='word_1_95' title='bbox 673 732 725 774; x_wconf 85' lang='lat' dir='ltr'>sit</span> <span class='ocrx_word' id='word_1_96' title='bbox 745 733 855 788; x_wconf 80' lang='lat' dir='ltr'>apud</span> <span class='ocrx_word' id='word_1_97' title='bbox 875 747 947 774; x_wconf 83' lang='lat' dir='ltr'>vos</span> <span class='ocrx_word' id='word_1_98' title='bbox 970 732 1190 785; x_wconf 65' lang='lat' dir='ltr'>modestiae</span> <span class='ocrx_word' id='word_1_99' title='bbox 1209 732 1343 781; x_wconf 80' lang='lat' dir='ltr'>locus,</span> <span class='ocrx_word' id='word_1_100' title='bbox 1369 731 1421 772; x_wconf 90' lang='lat' dir='ltr'>sit</span> <span class='ocrx_word' id='word_1_101' title='bbox 1441 731 1456 755; x_wconf 77' lang='lat'>¹³</span> <span class='ocrx_word' id='word_1_102' title='bbox 1475 731 1628 772; x_wconf 81' lang='lat' dir='ltr'>demis·</span> <span class='ocrx_word' id='word_1_103' title='bbox 1645 741 1702 776; x_wconf 71' lang='lat'>⁶20</span> 
     </span>
     <span class='ocr_line' id='line_1_12' title="bbox 90 787 1632 848; baseline -0.003 -13"><span class='ocrx_word' id='word_1_104' title='bbox 90 790 146 835; x_wconf 80' lang='lat' dir='ltr'>sis</span> <span class='ocrx_word' id='word_1_105' title='bbox 183 792 424 834; x_wconf 85' lang='lat' dir='ltr'>horninibus</span> <span class='ocrx_word' id='word_1_106' title='bbox 463 791 721 848; x_wconf 77' lang='lat' dir='ltr'>perfugium,</span> <span class='ocrx_word' id='word_1_107' title='bbox 755 791 806 833; x_wconf 86' lang='lat' dir='ltr'>sit</span> <span class='ocrx_word' id='word_1_108' title='bbox 841 789 1044 832; x_wconf 75' lang='lat' dir='ltr'>auxilium</span> <span class='ocrx_word' id='word_1_109' title='bbox 1077 790 1236 846; x_wconf 84' lang='lat' dir='ltr'>pudori.</span> <span class='ocrx_word' id='word_1_110' title='bbox 1297 787 1632 831; x_wconf 74' lang='lat' dir='ltr'>Misericordiam</span> 
     </span>
     <span class='ocr_line' id='line_1_13' title="bbox 91 845 1633 905; baseline -0.002 -14"><span class='ocrx_word' id='word_1_111' title='bbox 91 849 281 905; x_wconf 88' lang='lat' dir='ltr'>spoliatio</span> <span class='ocrx_word' id='word_1_112' title='bbox 313 849 555 892; x_wconf 73' lang='lat' dir='ltr'>consulatus</span> <span class='ocrx_word' id='word_1_113' title='bbox 585 863 786 905; x_wconf 81' lang='lat' dir='ltr'>magnam</span> <span class='ocrx_word' id='word_1_114' title='bbox 820 847 971 893; x_wconf 79' lang='lat' dir='ltr'>habere</span> <span class='ocrx_word' id='word_1_115' title='bbox 1005 846 1140 902; x_wconf 77' lang='lat' dir='ltr'>debet,</span> <span class='ocrx_word' id='word_1_116' title='bbox 1171 845 1366 890; x_wconf 86' lang='lat' dir='ltr'>Judices:</span> <span class='ocrx_word' id='word_1_117' title='bbox 1399 847 1485 888; x_wconf 71' lang='lat' dir='ltr'>una</span> <span class='ocrx_word' id='word_1_118' title='bbox 1519 846 1633 888; x_wconf 82' lang='lat' dir='ltr'>enim</span> 
     </span>
     <span class='ocr_line' id='line_1_14' title="bbox 94 903 1635 963; baseline -0.003 -14"><span class='ocrx_word' id='word_1_119' title='bbox 94 907 325 963; x_wconf 87' lang='lat' dir='ltr'>eripiuntur</span> <span class='ocrx_word' id='word_1_120' title='bbox 361 922 460 949; x_wconf 86' lang='lat' dir='ltr'>cum</span> <span class='ocrx_word' id='word_1_121' title='bbox 496 906 714 949; x_wconf 83' lang='lat' dir='ltr'>consulatu</span> <span class='ocrx_word' id='word_1_122' title='bbox 751 905 922 958; x_wconf 26' lang='lat' dir='ltr'>omni-213</span> <span class='ocrx_word' id='word_1_123' title='bbox 956 905 1157 948; x_wconf 77' lang='lat' dir='ltr'>invidiam</span> <span class='ocrx_word' id='word_1_124' title='bbox 1176 907 1273 947; x_wconf 76' lang='lat' dir='ltr'>vero</span> <span class='ocrx_word' id='word_1_125' title='bbox 1294 903 1358 946; x_wconf 88' lang='lat' dir='ltr'>his</span> <span class='ocrx_word' id='word_1_126' title='bbox 1379 903 1635 959; x_wconf 83' lang='lat' dir='ltr'>temporibus</span> 
     </span>
     <span class='ocr_line' id='line_1_15' title="bbox 93 961 1636 1021; baseline -0.003 -15"><span class='ocrx_word' id='word_1_127' title='bbox 93 964 245 1013; x_wconf 83' lang='lat' dir='ltr'>habere</span> <span class='ocrx_word' id='word_1_128' title='bbox 266 963 505 1006; x_wconf 88' lang='lat' dir='ltr'>consulatus</span> <span class='ocrx_word' id='word_1_129' title='bbox 527 965 614 1021; x_wconf 88' lang='lat' dir='ltr'>ipse</span> <span class='ocrx_word' id='word_1_130' title='bbox 632 962 796 1011; x_wconf 85' lang='lat' dir='ltr'>nullam</span> <span class='ocrx_word' id='word_1_131' title='bbox 816 973 982 1020; x_wconf 69' lang='lat' dir='ltr'>potest,</span> <span class='ocrx_word' id='word_1_132' title='bbox 1014 963 1209 1019; x_wconf 63' lang='lat' dir='ltr'>objicitur</span> <span class='ocrx_word' id='word_1_133' title='bbox 1229 962 1342 1004; x_wconf 86' lang='lat' dir='ltr'>enim</span> <span class='ocrx_word' id='word_1_134' title='bbox 1363 961 1636 1003; x_wconf 82' lang='lat' dir='ltr'>concionibus</span> 
     </span>
     <span class='ocr_line' id='line_1_16' title="bbox 92 1019 1705 1079; baseline -0.003 -14"><span class='ocrx_word' id='word_1_135' title='bbox 92 1021 398 1073; x_wconf 84' lang='lat' dir='ltr'>seditiosorum,</span> <span class='ocrx_word' id='word_1_136' title='bbox 420 1022 578 1065; x_wconf 86' lang='lat' dir='ltr'>insidiis</span> <span class='ocrx_word' id='word_1_137' title='bbox 600 1021 929 1079; x_wconf 80' lang='lat' dir='ltr'>conjuratorum,</span> <span class='ocrx_word' id='word_1_138' title='bbox 963 1020 1054 1067; x_wconf 84' lang='lat' dir='ltr'>telis</span> <span class='ocrx_word' id='word_1_139' title='bbox 1074 1020 1272 1063; x_wconf 63' lang='lat' dir='ltr'>Catilinae</span> <span class='ocrx_word' id='word_1_140' title='bbox 1290 1036 1299 1060; x_wconf 93' lang='lat'><strong>:</strong></span> <span class='ocrx_word' id='word_1_141' title='bbox 1334 1019 1383 1062; x_wconf 85' lang='lat' dir='ltr'>ad</span> <span class='ocrx_word' id='word_1_142' title='bbox 1415 1034 1541 1061; x_wconf 89' lang='lat' dir='ltr'>omne</span> <span class='ocrx_word' id='word_1_143' title='bbox 1560 1019 1632 1060; x_wconf 81' lang='lat' dir='ltr'>&lt;le-</span> <span class='ocrx_word' id='word_1_144' title='bbox 1649 1028 1705 1068; x_wconf 74' lang='lat'>25</span> 
     </span>
     <span class='ocr_line' id='line_1_17' title="bbox 91 1077 1636 1137; baseline 0 -15"><span class='ocrx_word' id='word_1_145' title='bbox 91 1080 221 1137; x_wconf 80' lang='lat' dir='ltr'>nique</span> <span class='ocrx_word' id='word_1_146' title='bbox 241 1080 392 1137; x_wconf 83' lang='lat' dir='ltr'>pericul</span> <span class='ocrx_word' id='word_1_147' title='bbox 401 1095 488 1133; x_wconf 91' lang='lat' dir='ltr'>um,</span> <span class='ocrx_word' id='word_1_148' title='bbox 511 1090 634 1137; x_wconf 84' lang='lat' dir='ltr'>atque</span> <span class='ocrx_word' id='word_1_149' title='bbox 651 1094 823 1122; x_wconf 89' lang='lat' dir='ltr'>omnem</span> <span class='ocrx_word' id='word_1_150' title='bbox 845 1079 1045 1122; x_wconf 84' lang='lat' dir='ltr'>invidiam</span> <span class='ocrx_word' id='word_1_151' title='bbox 1059 1078 1174 1121; x_wconf 89' lang='lat' dir='ltr'>solus</span> <span class='ocrx_word' id='word_1_152' title='bbox 1192 1077 1432 1135; x_wconf 87' lang='lat' dir='ltr'>opponitur.</span> <span class='ocrx_word' id='word_1_153' title='bbox 1495 1077 1636 1122; x_wconf 77' lang='lat' dir='ltr'>Quare</span> 
     </span>
     <span class='ocr_line' id='line_1_18' title="bbox 96 1135 1635 1195; baseline -0.003 -15"><span class='ocrx_word' id='word_1_154' title='bbox 96 1138 196 1195; x_wconf 86' lang='lat' dir='ltr'>quid</span> <span class='ocrx_word' id='word_1_155' title='bbox 217 1137 486 1180; x_wconf 89' lang='lat' dir='ltr'>invidendum</span> <span class='ocrx_word' id='word_1_156' title='bbox 505 1139 732 1190; x_wconf 79' lang='lat' dir='ltr'>Muraenae,</span> <span class='ocrx_word' id='word_1_157' title='bbox 755 1146 828 1180; x_wconf 84' lang='lat' dir='ltr'>aut.</span> <span class='ocrx_word' id='word_1_158' title='bbox 846 1137 1045 1194; x_wconf 86' lang='lat' dir='ltr'>cuiquam</span> <span class='ocrx_word' id='word_1_159' title='bbox 1064 1140 1254 1179; x_wconf 67' lang='lat' dir='ltr'>nostrum</span> <span class='ocrx_word' id='word_1_160' title='bbox 1278 1135 1330 1177; x_wconf 89' lang='lat' dir='ltr'>sit</span> <span class='ocrx_word' id='word_1_161' title='bbox 1349 1135 1393 1177; x_wconf 90' lang='lat' dir='ltr'>in</span> <span class='ocrx_word' id='word_1_162' title='bbox 1415 1136 1496 1177; x_wconf 89' lang='lat' dir='ltr'>hoc</span> <span class='ocrx_word' id='word_1_163' title='bbox 1527 1150 1635 1191; x_wconf 80' lang='lat' dir='ltr'>prae-</span> 
     </span>
     <span class='ocr_line' id='line_1_19' title="bbox 95 1194 1637 1253; baseline -0.003 -15"><span class='ocrx_word' id='word_1_164' title='bbox 95 1194 205 1243; x_wconf 87' lang='lat' dir='ltr'>claro</span> <span class='ocrx_word' id='word_1_165' title='bbox 225 1195 459 1248; x_wconf 83' lang='lat' dir='ltr'>consulatu,</span> <span class='ocrx_word' id='word_1_166' title='bbox 481 1211 567 1237; x_wconf 88' lang='lat' dir='ltr'>non</span> <span class='ocrx_word' id='word_1_167' title='bbox 600 1195 735 1247; x_wconf 87' lang='lat' dir='ltr'>video,</span> <span class='ocrx_word' id='word_1_168' title='bbox 767 1195 935 1238; x_wconf 85' lang='lat' dir='ltr'>Judices</span> <span class='ocrx_word' id='word_1_169' title='bbox 948 1212 961 1248; x_wconf 85' lang='lat'><em>3</em></span> <span class='ocrx_word' id='word_1_170' title='bbox 996 1210 1093 1253; x_wconf 79' lang='lat' dir='ltr'>quae</span> <span class='ocrx_word' id='word_1_171' title='bbox 1128 1196 1224 1237; x_wconf 80' lang='lat' dir='ltr'>vero</span> <span class='ocrx_word' id='word_1_172' title='bbox 1258 1194 1490 1237; x_wconf 78' lang='lat' dir='ltr'>miseranda</span> <span class='ocrx_word' id='word_1_173' title='bbox 1524 1201 1637 1244; x_wconf 90' lang='lat' dir='ltr'>sunt,</span> 
     </span>
     <span class='ocr_line' id='line_1_20' title="bbox 96 1251 1638 1308; baseline -0.002 -14"><span class='ocrx_word' id='word_1_174' title='bbox 96 1262 137 1295; x_wconf 89' lang='lat' dir='ltr'>et</span> <span class='ocrx_word' id='word_1_175' title='bbox 156 1268 204 1297; x_wconf 89' lang='lat' dir='ltr'>ea</span> <span class='ocrx_word' id='word_1_176' title='bbox 226 1253 334 1296; x_wconf 86' lang='lat' dir='ltr'>mihi</span> <span class='ocrx_word' id='word_1_177' title='bbox 368 1263 461 1295; x_wconf 89' lang='lat' dir='ltr'>ante</span> <span class='ocrx_word' id='word_1_178' title='bbox 492 1254 635 1295; x_wconf 89' lang='lat' dir='ltr'>oculos</span> <span class='ocrx_word' id='word_1_179' title='bbox 670 1263 897 1305; x_wconf 82' lang='lat' dir='ltr'>versantur,</span> <span class='ocrx_word' id='word_1_180' title='bbox 921 1261 960 1295; x_wconf 86' lang='lat' dir='ltr'>et</span> <span class='ocrx_word' id='word_1_181' title='bbox 994 1268 1066 1293; x_wconf 84' lang='lat' dir='ltr'>vos</span> <span class='ocrx_word' id='word_1_182' title='bbox 1099 1252 1236 1295; x_wconf 89' lang='lat' dir='ltr'>videre</span> <span class='ocrx_word' id='word_1_183' title='bbox 1255 1261 1294 1293; x_wconf 91' lang='lat' dir='ltr'>et</span> <span class='ocrx_word' id='word_1_184' title='bbox 1314 1251 1538 1308; x_wconf 87' lang='lat' dir='ltr'>perspicere</span> <span class='ocrx_word' id='word_1_185' title='bbox 1560 1265 1638 1307; x_wconf 91' lang='lat' dir='ltr'>po-</span> 
     </span>
     <span class='ocr_line' id='line_1_21' title="bbox 96 1308 1713 1368; baseline -0.001 -17"><span class='ocrx_word' id='word_1_186' title='bbox 96 1311 227 1353; x_wconf 84' lang='lat' dir='ltr'>testis.</span> <span class='ocrx_word' id='word_1_187' title='bbox 290 1311 335 1353; x_wconf 88' lang='lat' dir='ltr'>Si</span> <span class='ocrx_word' id='word_1_188' title='bbox 359 1311 489 1368; x_wconf 89' lang='lat' dir='ltr'>(quod</span> <span class='ocrx_word' id='word_1_189' title='bbox 508 1311 672 1368; x_wconf 79' lang='lat' dir='ltr'>Jupiter</span> <span class='ocrx_word' id='word_1_190' title='bbox 707 1326 834 1354; x_wconf 90' lang='lat' dir='ltr'>omen</span> <span class='ocrx_word' id='word_1_191' title='bbox 865 1320 1018 1353; x_wconf 86' lang='lat' dir='ltr'>avertat</span> <span class='ocrx_word' id='word_1_192' title='bbox 1039 1310 1066 1363; x_wconf 68' lang='grc' dir='ltr'>ἒ)</span> <span class='ocrx_word' id='word_1_193' title='bbox 1106 1311 1222 1353; x_wconf 88' lang='lat' dir='ltr'>hunc</span> <span class='ocrx_word' id='word_1_194' title='bbox 1255 1310 1398 1353; x_wconf 80' lang='lat' dir='ltr'>vestris</span> <span class='ocrx_word' id='word_1_195' title='bbox 1430 1308 1640 1367; x_wconf 83' lang='lat' dir='ltr'>sententiis</span> <span class='ocrx_word' id='word_1_196' title='bbox 1654 1319 1713 1357; x_wconf 76' lang='lat'>30</span> 
     </span>
     <span class='ocr_line' id='line_1_22' title="bbox 96 1366 1639 1426; baseline -0.002 -15"><span class='ocrx_word' id='word_1_197' title='bbox 96 1375 112 1398; x_wconf 65' lang='lat'><strong><em>⁶</em></strong></span> <span class='ocrx_word' id='word_1_198' title='bbox 133 1368 375 1420; x_wconf 72' lang='lat' dir='ltr'>afflixeritiS,</span> <span class='ocrx_word' id='word_1_199' title='bbox 416 1371 500 1426; x_wconf 79' lang='lat' dir='ltr'>quo</span> <span class='ocrx_word' id='word_1_200' title='bbox 536 1385 578 1412; x_wconf 88' lang='lat' dir='ltr'>se</span> <span class='ocrx_word' id='word_1_201' title='bbox 613 1369 738 1412; x_wconf 86' lang='lat' dir='ltr'>miser</span> <span class='ocrx_word' id='word_1_202' title='bbox 771 1370 930 1412; x_wconf 87' lang='lat' dir='ltr'>vertet?</span> <span class='ocrx_word' id='word_1_203' title='bbox 980 1369 1240 1411; x_wconf 86' lang='lat' dir='ltr'>domumne?</span> <span class='ocrx_word' id='word_1_204' title='bbox 1276 1379 1322 1410; x_wconf 92' lang='lat' dir='ltr'>ut</span> <span class='ocrx_word' id='word_1_205' title='bbox 1357 1382 1449 1410; x_wconf 87' lang='lat' dir='ltr'>eam</span> <span class='ocrx_word' id='word_1_206' title='bbox 1488 1366 1639 1424; x_wconf 82' lang='lat' dir='ltr'>imagi·</span> 
     </span>
     <span class='ocr_line' id='line_1_23' title="bbox 98 1424 1640 1484; baseline -0.003 -16"><span class='ocrx_word' id='word_1_207' title='bbox 98 1441 196 1471; x_wconf 86' lang='lat' dir='ltr'>nem</span> <span class='ocrx_word' id='word_1_208' title='bbox 220 1426 437 1470; x_wconf 83' lang='lat' dir='ltr'>clarissimi</span> <span class='ocrx_word' id='word_1_209' title='bbox 459 1428 548 1480; x_wconf 87' lang='lat' dir='ltr'>viri,</span> <span class='ocrx_word' id='word_1_210' title='bbox 572 1427 750 1484; x_wconf 84' lang='lat' dir='ltr'>parentis</span> <span class='ocrx_word' id='word_1_211' title='bbox 772 1427 850 1479; x_wconf 81' lang='lat' dir='ltr'>sui,</span> <span class='ocrx_word' id='word_1_212' title='bbox 874 1443 1000 1483; x_wconf 80' lang='lat' dir='ltr'>quam</span> <span class='ocrx_word' id='word_1_213' title='bbox 1022 1426 1163 1483; x_wconf 85' lang='lat' dir='ltr'>paucis</span> <span class='ocrx_word' id='word_1_214' title='bbox 1200 1428 1296 1469; x_wconf 75' lang='lat' dir='ltr'>ante</span> <span class='ocrx_word' id='word_1_215' title='bbox 1317 1425 1460 1468; x_wconf 91' lang='lat' dir='ltr'>diebus</span> <span class='ocrx_word' id='word_1_216' title='bbox 1481 1424 1640 1466; x_wconf 85' lang='lat' dir='ltr'>laurea-</span> 
     </span>
     <span class='ocr_line' id='line_1_24' title="bbox 99 1482 1641 1542; baseline -0.001 -17"><span class='ocrx_word' id='word_1_217' title='bbox 99 1493 184 1526; x_wconf 80' lang='lat' dir='ltr'>tam</span> <span class='ocrx_word' id='word_1_218' title='bbox 209 1483 250 1525; x_wconf 89' lang='lat' dir='ltr'>in</span> <span class='ocrx_word' id='word_1_219' title='bbox 291 1484 368 1526; x_wconf 58' lang='lat' dir='ltr'>sua</span> <span class='ocrx_word' id='word_1_220' title='bbox 405 1486 677 1542; x_wconf 82' lang='lat' dir='ltr'>gratulatione</span> <span class='ocrx_word' id='word_1_221' title='bbox 701 1486 931 1541; x_wconf 85' lang='lat' dir='ltr'>conspexit,</span> <span class='ocrx_word' id='word_1_222' title='bbox 953 1485 1129 1527; x_wconf 90' lang='lat' dir='ltr'>eandem</span> <span class='ocrx_word' id='word_1_223' title='bbox 1163 1483 1436 1527; x_wconf 85' lang='lat' dir='ltr'>deformatam</span> <span class='ocrx_word' id='word_1_224' title='bbox 1458 1482 1641 1541; x_wconf 80' lang='lat' dir='ltr'>ignomi-</span> 
     </span>
     <span class='ocr_line' id='line_1_25' title="bbox 99 1540 1643 1600; baseline -0.001 -17"><span class='ocrx_word' id='word_1_225' title='bbox 99 1540 190 1594; x_wconf 62' lang='lat' dir='ltr'>nia,</span> <span class='ocrx_word' id='word_1_226' title='bbox 210 1541 505 1600; x_wconf 83' lang='lat' dir='ltr'>lugentemque</span> <span class='ocrx_word' id='word_1_227' title='bbox 536 1543 700 1585; x_wconf 85' lang='lat' dir='ltr'>videat?</span> <span class='ocrx_word' id='word_1_228' title='bbox 735 1558 785 1584; x_wconf 90' lang='lat' dir='ltr'>an</span> <span class='ocrx_word' id='word_1_229' title='bbox 823 1542 872 1584; x_wconf 83' lang='lat' dir='ltr'>ad</span> <span class='ocrx_word' id='word_1_230' title='bbox 893 1551 1088 1593; x_wconf 84' lang='lat' dir='ltr'>matrem,</span> <span class='ocrx_word' id='word_1_231' title='bbox 1109 1557 1204 1599; x_wconf 86' lang='lat' dir='ltr'>quae</span> <span class='ocrx_word' id='word_1_232' title='bbox 1224 1542 1375 1584; x_wconf 89' lang='lat' dir='ltr'>misera</span> <span class='ocrx_word' id='word_1_233' title='bbox 1393 1542 1522 1583; x_wconf 78' lang='lat' dir='ltr'>modo</span> <span class='ocrx_word' id='word_1_234' title='bbox 1542 1554 1643 1582; x_wconf 90' lang='lat' dir='ltr'>con-</span> 
     </span>
     <span class='ocr_line' id='line_1_26' title="bbox 101 1599 1711 1652; baseline -0.002 -10"><span class='ocrx_word' id='word_1_235' title='bbox 101 1599 235 1642; x_wconf 88' lang='lat' dir='ltr'>sulem</span> <span class='ocrx_word' id='word_1_236' title='bbox 255 1600 438 1642; x_wconf 82' lang='lat' dir='ltr'>osculata</span> <span class='ocrx_word' id='word_1_237' title='bbox 459 1600 592 1643; x_wconf 88' lang='lat' dir='ltr'>filium</span> <span class='ocrx_word' id='word_1_238' title='bbox 616 1616 756 1652; x_wconf 90' lang='lat' dir='ltr'>suum,</span> <span class='ocrx_word' id='word_1_239' title='bbox 775 1615 890 1643; x_wconf 88' lang='lat' dir='ltr'>nunc</span> <span class='ocrx_word' id='word_1_240' title='bbox 912 1600 1117 1642; x_wconf 81' lang='lat' dir='ltr'>cruciatur</span> <span class='ocrx_word' id='word_1_241' title='bbox 1134 1609 1174 1642; x_wconf 84' lang='lat' dir='ltr'>et</span> <span class='ocrx_word' id='word_1_242' title='bbox 1194 1600 1353 1641; x_wconf 84' lang='lat' dir='ltr'>solicita</span> <span class='ocrx_word' id='word_1_243' title='bbox 1369 1608 1445 1650; x_wconf 88' lang='lat' dir='ltr'>est,</span> <span class='ocrx_word' id='word_1_244' title='bbox 1466 1613 1521 1643; x_wconf 80' lang='lat' dir='ltr'>ne</span> <span class='ocrx_word' id='word_1_245' title='bbox 1539 1613 1640 1640; x_wconf 87' lang='lat' dir='ltr'>eun-</span> <span class='ocrx_word' id='word_1_246' title='bbox 1657 1609 1711 1645; x_wconf 79' lang='grc'>35</span> 
     </span>
     <span class='ocr_line' id='line_1_27' title="bbox 99 1656 1641 1714; baseline -0.003 -14"><span class='ocrx_word' id='word_1_247' title='bbox 99 1657 198 1700; x_wconf 88' lang='lat' dir='ltr'>dem</span> <span class='ocrx_word' id='word_1_248' title='bbox 218 1658 341 1712; x_wconf 80' lang='lat' dir='ltr'>paulo</span> <span class='ocrx_word' id='word_1_249' title='bbox 356 1660 450 1713; x_wconf 79' lang='lat' dir='ltr'>post</span> <span class='ocrx_word' id='word_1_250' title='bbox 470 1658 691 1714; x_wconf 86' lang='lat' dir='ltr'>spoliatum</span> <span class='ocrx_word' id='word_1_251' title='bbox 707 1658 826 1706; x_wconf 83' lang='lat' dir='ltr'>omni</span> <span class='ocrx_word' id='word_1_252' title='bbox 841 1657 1041 1714; x_wconf 81' lang='lat' dir='ltr'>dignitate</span> <span class='ocrx_word' id='word_1_253' title='bbox 1056 1658 1288 1714; x_wconf 84' lang='lat' dir='ltr'>conspiciat</span> <span class='ocrx_word' id='word_1_254' title='bbox 1305 1659 1318 1699; x_wconf 72' lang='grc' dir='ltr'>ἓ</span> <span class='ocrx_word' id='word_1_255' title='bbox 1354 1657 1433 1698; x_wconf 89' lang='lat' dir='ltr'>Sed</span> <span class='ocrx_word' id='word_1_256' title='bbox 1451 1656 1548 1714; x_wconf 87' lang='lat' dir='ltr'>quid</span> <span class='ocrx_word' id='word_1_257' title='bbox 1565 1670 1641 1712; x_wconf 86' lang='lat' dir='ltr'>ego</span> 
     </span>
     <span class='ocr_line' id='line_1_28' title="bbox 100 1714 1642 1772; baseline -0.004 -12"><span class='ocrx_word' id='word_1_258' title='bbox 100 1723 280 1760; x_wconf 81' lang='lat' dir='ltr'>matrem</span> <span class='ocrx_word' id='word_1_259' title='bbox 316 1726 386 1757; x_wconf 89' lang='lat' dir='ltr'>aut</span> <span class='ocrx_word' id='word_1_260' title='bbox 420 1716 595 1758; x_wconf 87' lang='lat' dir='ltr'>domum</span> <span class='ocrx_word' id='word_1_261' title='bbox 631 1715 807 1772; x_wconf 86' lang='lat' dir='ltr'>appello,</span> <span class='ocrx_word' id='word_1_262' title='bbox 831 1730 957 1772; x_wconf 86' lang='lat' dir='ltr'>quem</span> <span class='ocrx_word' id='word_1_263' title='bbox 988 1731 1095 1757; x_wconf 87' lang='lat' dir='ltr'>nova</span> <span class='ocrx_word' id='word_1_264' title='bbox 1129 1730 1256 1772; x_wconf 83' lang='lat' dir='ltr'>poena</span> <span class='ocrx_word' id='word_1_265' title='bbox 1286 1715 1386 1772; x_wconf 85' lang='lat' dir='ltr'>legis</span> <span class='ocrx_word' id='word_1_266' title='bbox 1421 1725 1461 1756; x_wconf 86' lang='lat' dir='ltr'>et</span> <span class='ocrx_word' id='word_1_267' title='bbox 1498 1714 1642 1765; x_wconf 85' lang='lat' dir='ltr'>domo,</span> 
     </span>
     <span class='ocr_line' id='line_1_29' title="bbox 66 1771 1639 1830; baseline 0 -16"><span class='ocrx_word' id='word_1_268' title='bbox 66 1780 74 1785; x_wconf 75' lang='grc'><strong>“</strong></span> <span class='ocrx_word' id='word_1_269' title='bbox 103 1782 144 1815; x_wconf 86' lang='lat' dir='ltr'>et</span> <span class='ocrx_word' id='word_1_270' title='bbox 165 1783 344 1828; x_wconf 83' lang='lat' dir='ltr'>parente,</span> <span class='ocrx_word' id='word_1_271' title='bbox 368 1781 408 1814; x_wconf 90' lang='lat' dir='ltr'>et</span> <span class='ocrx_word' id='word_1_272' title='bbox 429 1773 622 1815; x_wconf 88' lang='lat' dir='ltr'>omnium</span> <span class='ocrx_word' id='word_1_273' title='bbox 645 1788 815 1815; x_wconf 83' lang='lat' dir='ltr'>suorum</span> <span class='ocrx_word' id='word_1_274' title='bbox 833 1773 1133 1815; x_wconf 87' lang='lat' dir='ltr'>consuetudine</span> <span class='ocrx_word' id='word_1_275' title='bbox 1150 1783 1459 1830; x_wconf 80' lang='lat' dir='ltr'>conspectuque</span> <span class='ocrx_word' id='word_1_276' title='bbox 1479 1771 1639 1827; x_wconf 85' lang='lat' dir='ltr'>privat?</span> 
     </span>
     <span class='ocr_line' id='line_1_30' title="bbox 102 1828 1647 1888; baseline -0.002 -16"><span class='ocrx_word' id='word_1_277' title='bbox 102 1830 190 1872; x_wconf 88' lang='lat' dir='ltr'>Ibit</span> <span class='ocrx_word' id='word_1_278' title='bbox 209 1830 333 1888; x_wconf 87' lang='lat' dir='ltr'>igitur</span> <span class='ocrx_word' id='word_1_279' title='bbox 353 1830 396 1872; x_wconf 88' lang='lat' dir='ltr'>in</span> <span class='ocrx_word' id='word_1_280' title='bbox 417 1831 588 1873; x_wconf 85' lang='lat' dir='ltr'>exilium</span> <span class='ocrx_word' id='word_1_281' title='bbox 608 1832 761 1874; x_wconf 87' lang='lat' dir='ltr'>miser?</span> <span class='ocrx_word' id='word_1_282' title='bbox 787 1832 900 1888; x_wconf 75' lang='lat' dir='ltr'>quo?</span> <span class='ocrx_word' id='word_1_283' title='bbox 935 1832 985 1873; x_wconf 90' lang='lat' dir='ltr'>ad</span> <span class='ocrx_word' id='word_1_284' title='bbox 1007 1831 1245 1873; x_wconf 87' lang='lat' dir='ltr'>Orientisne</span> <span class='ocrx_word' id='word_1_285' title='bbox 1265 1839 1412 1888; x_wconf 88' lang='lat' dir='ltr'>partes,</span> <span class='ocrx_word' id='word_1_286' title='bbox 1437 1830 1479 1871; x_wconf 92' lang='lat' dir='ltr'>in</span> <span class='ocrx_word' id='word_1_287' title='bbox 1497 1828 1647 1886; x_wconf 85' lang='lat' dir='ltr'>quibus</span> 
     </span>
     <span class='ocr_line' id='line_1_31' title="bbox 105 1887 1716 1945; baseline -0.001 -16"><span class='ocrx_word' id='word_1_288' title='bbox 105 1903 237 1929; x_wconf 86' lang='lat' dir='ltr'>annos</span> <span class='ocrx_word' id='word_1_289' title='bbox 258 1888 414 1930; x_wconf 89' lang='lat' dir='ltr'>multos</span> <span class='ocrx_word' id='word_1_290' title='bbox 449 1889 604 1945; x_wconf 84' lang='lat' dir='ltr'>legatus</span> <span class='ocrx_word' id='word_1_291' title='bbox 624 1888 717 1941; x_wconf 86' lang='lat' dir='ltr'>fuit,</span> <span class='ocrx_word' id='word_1_292' title='bbox 751 1900 790 1931; x_wconf 90' lang='lat' dir='ltr'>et</span> <span class='ocrx_word' id='word_1_293' title='bbox 810 1888 1010 1931; x_wconf 87' lang='lat' dir='ltr'>exercitus</span> <span class='ocrx_word' id='word_1_294' title='bbox 1031 1888 1163 1941; x_wconf 81' lang='lat' dir='ltr'>duxit,</span> <span class='ocrx_word' id='word_1_295' title='bbox 1186 1899 1226 1930; x_wconf 90' lang='lat' dir='ltr'>et</span> <span class='ocrx_word' id='word_1_296' title='bbox 1246 1903 1307 1930; x_wconf 88' lang='lat' dir='ltr'>res</span> <span class='ocrx_word' id='word_1_297' title='bbox 1328 1887 1531 1930; x_wconf 83' lang='lat' dir='ltr'>maximas</span> <span class='ocrx_word' id='word_1_298' title='bbox 1552 1898 1716 1944; x_wconf 81' lang='lat' dir='ltr'>ges-40</span> 
     </span>
     <span class='ocr_line' id='line_1_32' title="bbox 105 1944 1645 2003; baseline -0.003 -14"><span class='ocrx_word' id='word_1_299' title='bbox 105 1945 187 1989; x_wconf 80' lang='lat' dir='ltr'>sit?</span> <span class='ocrx_word' id='word_1_300' title='bbox 228 1959 269 1987; x_wconf 88' lang='lat' dir='ltr'>at</span> <span class='ocrx_word' id='word_1_301' title='bbox 287 1948 303 1971; x_wconf 71' lang='lat' dir='ltr'>d</span> <span class='ocrx_word' id='word_1_302' title='bbox 336 1946 460 1988; x_wconf 89' lang='lat' dir='ltr'>habet</span> <span class='ocrx_word' id='word_1_303' title='bbox 489 1961 693 2003; x_wconf 84' lang='lat' dir='ltr'>magnum</span> <span class='ocrx_word' id='word_1_304' title='bbox 727 1946 928 1998; x_wconf 89' lang='lat' dir='ltr'>dolorem,</span> <span class='ocrx_word' id='word_1_305' title='bbox 951 1946 1060 1988; x_wconf 91' lang='lat' dir='ltr'>unde</span> <span class='ocrx_word' id='word_1_306' title='bbox 1089 1962 1186 1988; x_wconf 86' lang='lat' dir='ltr'>cum</span> <span class='ocrx_word' id='word_1_307' title='bbox 1218 1947 1376 1988; x_wconf 89' lang='lat' dir='ltr'>honore</span> <span class='ocrx_word' id='word_1_308' title='bbox 1410 1944 1645 1998; x_wconf 86' lang='lat' dir='ltr'>decesseris,</span> 
     </span>
     <span class='ocr_line' id='line_1_33' title="bbox 107 2002 1651 2060; baseline -0.001 -16"><span class='ocrx_word' id='word_1_309' title='bbox 107 2002 253 2054; x_wconf 75' lang='lat' dir='ltr'>eodem</span> <span class='ocrx_word' id='word_1_310' title='bbox 276 2019 374 2045; x_wconf 92' lang='lat' dir='ltr'>cum</span> <span class='ocrx_word' id='word_1_311' title='bbox 395 2004 630 2060; x_wconf 63' lang='lat' dir='ltr'>ignominia</span> <span class='ocrx_word' id='word_1_312' title='bbox 645 2003 807 2046; x_wconf 82' lang='lat' dir='ltr'>reverti.</span> <span class='ocrx_word' id='word_1_313' title='bbox 867 2005 942 2046; x_wconf 91' lang='lat' dir='ltr'>An</span> <span class='ocrx_word' id='word_1_314' title='bbox 959 2019 999 2046; x_wconf 89' lang='lat' dir='ltr'>se</span> <span class='ocrx_word' id='word_1_315' title='bbox 1013 2005 1055 2046; x_wconf 93' lang='lat' dir='ltr'>in</span> <span class='ocrx_word' id='word_1_316' title='bbox 1075 2004 1323 2047; x_wconf 86' lang='lat' dir='ltr'>contrariam</span> <span class='ocrx_word' id='word_1_317' title='bbox 1347 2014 1505 2060; x_wconf 86' lang='lat' dir='ltr'>partem</span> <span class='ocrx_word' id='word_1_318' title='bbox 1525 2012 1651 2045; x_wconf 88' lang='lat' dir='ltr'>terra-</span> 
     </span>
     <span class='ocr_line' id='line_1_34' title="bbox 107 2060 1649 2119; baseline -0.001 -17"><span class='ocrx_word' id='word_1_319' title='bbox 107 2075 202 2102; x_wconf 86' lang='lat' dir='ltr'>rum</span> <span class='ocrx_word' id='word_1_320' title='bbox 219 2060 356 2114; x_wconf 89' lang='lat' dir='ltr'>abdet,</span> <span class='ocrx_word' id='word_1_321' title='bbox 371 2071 417 2102; x_wconf 89' lang='lat' dir='ltr'>ut</span> <span class='ocrx_word' id='word_1_322' title='bbox 434 2061 570 2103; x_wconf 87' lang='lat' dir='ltr'>Gallia</span> <span class='ocrx_word' id='word_1_323' title='bbox 583 2062 872 2117; x_wconf 86' lang='lat' dir='ltr'>Transalpina,</span> <span class='ocrx_word' id='word_1_324' title='bbox 890 2077 1016 2119; x_wconf 91' lang='lat' dir='ltr'>quem</span> <span class='ocrx_word' id='word_1_325' title='bbox 1031 2077 1162 2118; x_wconf 86' lang='lat' dir='ltr'>nuper</span> <span class='ocrx_word' id='word_1_326' title='bbox 1176 2077 1343 2104; x_wconf 86' lang='lat' dir='ltr'>summo</span> <span class='ocrx_word' id='word_1_327' title='bbox 1361 2077 1459 2104; x_wconf 89' lang='lat' dir='ltr'>cum</span> <span class='ocrx_word' id='word_1_328' title='bbox 1474 2060 1649 2116; x_wconf 84' lang='lat' dir='ltr'>imperio</span> 
     </span>
     <span class='ocr_line' id='line_1_35' title="bbox 106 2117 1643 2176; baseline 0.002 -18"><span class='ocrx_word' id='word_1_329' title='bbox 106 2118 381 2161; x_wconf 75' lang='lat' dir='ltr'>libentissime</span> <span class='ocrx_word' id='word_1_330' title='bbox 395 2119 556 2170; x_wconf 88' lang='lat' dir='ltr'>viderit,</span> <span class='ocrx_word' id='word_1_331' title='bbox 574 2119 752 2162; x_wconf 86' lang='lat' dir='ltr'>eundem</span> <span class='ocrx_word' id='word_1_332' title='bbox 766 2120 993 2176; x_wconf 80' lang='lat' dir='ltr'>lugentem,</span> <span class='ocrx_word' id='word_1_333' title='bbox 1014 2130 1277 2172; x_wconf 87' lang='lat' dir='ltr'>moerentem,</span> <span class='ocrx_word' id='word_1_334' title='bbox 1294 2120 1459 2161; x_wconf 89' lang='lat' dir='ltr'>exulem</span> <span class='ocrx_word' id='word_1_335' title='bbox 1477 2117 1611 2160; x_wconf 85' lang='lat' dir='ltr'>videat</span> <span class='ocrx_word' id='word_1_336' title='bbox 1629 2120 1643 2161; x_wconf 86' lang='lat'>?</span> 
     </span>
     <span class='ocr_line' id='line_1_36' title="bbox 105 2175 1713 2235; baseline 0.001 -18"><span class='ocrx_word' id='word_1_337' title='bbox 105 2175 148 2224; x_wconf 79' lang='lat' dir='ltr'>in</span> <span class='ocrx_word' id='word_1_338' title='bbox 171 2179 221 2218; x_wconf 69' lang='lat' dir='ltr'>ea</span> <span class='ocrx_word' id='word_1_339' title='bbox 240 2181 359 2233; x_wconf 73' lang='lat' dir='ltr'>porro</span> <span class='ocrx_word' id='word_1_340' title='bbox 379 2176 605 2235; x_wconf 70' lang='lat' dir='ltr'>provincia,</span> <span class='ocrx_word' id='word_1_341' title='bbox 628 2192 710 2234; x_wconf 92' lang='lat' dir='ltr'>quo</span> <span class='ocrx_word' id='word_1_342' title='bbox 729 2178 868 2220; x_wconf 86' lang='lat' dir='ltr'>animo</span> <span class='ocrx_word' id='word_1_343' title='bbox 888 2178 940 2220; x_wconf 91' lang='lat' dir='ltr'>C.</span> <span class='ocrx_word' id='word_1_344' title='bbox 962 2179 1204 2220; x_wconf 82' lang='lat' dir='ltr'>Muraenam</span> <span class='ocrx_word' id='word_1_345' title='bbox 1220 2178 1386 2220; x_wconf 84' lang='lat' dir='ltr'>fratrem</span> <span class='ocrx_word' id='word_1_346' title='bbox 1401 2191 1522 2218; x_wconf 87' lang='lat' dir='ltr'>suum</span> <span class='ocrx_word' id='word_1_347' title='bbox 1541 2176 1713 2233; x_wconf 85' lang='lat' dir='ltr'>aspi-45</span> 
     </span>
    </p>
   </div>
   <div class='ocr_carea' id='block_1_2' title="bbox 181 2282 1571 2335">
    <p class='ocr_par' dir='ltr' id='par_1_2' title="bbox 181 2282 1571 2335">
     <span class='ocr_line' id='line_1_37' title="bbox 181 2282 1571 2335; baseline -0.001 -12"><span class='ocrx_word' id='word_1_348' title='bbox 181 2288 197 2314; x_wconf 66' lang='lat'>3⁸</span> <span class='ocrx_word' id='word_1_349' title='bbox 209 2285 394 2327; x_wconf 71' lang='lat' dir='ltr'>auxilium.</span> <span class='ocrx_word' id='word_1_350' title='bbox 503 2282 520 2308; x_wconf 68' lang='lat' dir='ltr'>b</span> <span class='ocrx_word' id='word_1_351' title='bbox 534 2284 763 2335; x_wconf 75' lang='lat' dir='ltr'>supplicibus.</span> <span class='ocrx_word' id='word_1_352' title='bbox 870 2290 884 2308; x_wconf 71' lang='lat'>²</span> <span class='ocrx_word' id='word_1_353' title='bbox 903 2285 1170 2325; x_wconf 62' lang='lat' dir='ltr'>dcctyznccverz‘tz&#39;s,</span> <span class='ocrx_word' id='word_1_354' title='bbox 1280 2284 1296 2308; x_wconf 78' lang='lat'>‘¹</span> <span class='ocrx_word' id='word_1_355' title='bbox 1313 2286 1353 2323; x_wconf 73' lang='lat' dir='ltr'>id</span> <span class='ocrx_word' id='word_1_356' title='bbox 1366 2288 1482 2334; x_wconf 50' lang='lat' dir='ltr'>affert,</span> <span class='ocrx_word' id='word_1_357' title='bbox 1507 2288 1571 2330; x_wconf 62' lang='lat' dir='ltr'>&amp;a</span> 
     </span>
    </p>
   </div>
   <div class='ocr_carea' id='block_1_3' title="bbox 1861 707 1872 1406">
    <p class='ocr_par' dir='ltr' id='par_1_3' title="bbox 1861 707 1872 1406">
     <span class='ocr_line' id='line_1_38' title="bbox 1861 707 1872 1406; baseline 0 0"><span class='ocrx_word' id='word_1_358' title='bbox 1861 707 1872 1406; x_wconf 95' lang='lat' dir='ltr'> </span> 
     </span>
    </p>
   </div>
   <div class='ocr_carea' id='block_1_4' title="bbox 154 2388 857 2431">
    <p class='ocr_par' dir='ltr' id='par_1_4' title="bbox 154 2388 857 2431">
     <span class='ocr_line' id='line_1_39' title="bbox 154 2388 857 2431; baseline 0.003 -12"><span class='ocrx_word' id='word_1_359' title='bbox 154 2389 167 2418; x_wconf 85' lang='lat'>1</span> <span class='ocrx_word' id='word_1_360' title='bbox 178 2389 204 2420; x_wconf 90' lang='lat' dir='ltr'>l.</span> <span class='ocrx_word' id='word_1_361' title='bbox 213 2388 424 2430; x_wconf 75' lang='lat' dir='ltr'>Municipium</span> <span class='ocrx_word' id='word_1_362' title='bbox 436 2388 697 2431; x_wconf 64' lang='lat' dir='ltr'>antiquissimum]</span> <span class='ocrx_word' id='word_1_363' title='bbox 711 2390 804 2420; x_wconf 85' lang='lat' dir='ltr'>Lanu</span> <span class='ocrx_word' id='word_1_364' title='bbox 811 2389 857 2421; x_wconf 78' lang='lat' dir='ltr'>vi-</span> 
     </span>
    </p>
   </div>
   <div class='ocr_carea' id='block_1_5' title="bbox 113 2433 856 2483">
    <p class='ocr_par' dir='ltr' id='par_1_5' title="bbox 113 2433 856 2483">
     <span class='ocr_line' id='line_1_40' title="bbox 113 2433 856 2483; baseline 0.004 -21"><span class='ocrx_word' id='word_1_365' title='bbox 113 2443 174 2483; x_wconf 45' lang='lat' dir='ltr'>um.</span> <span class='ocrx_word' id='word_1_366' title='bbox 183 2443 284 2476; x_wconf 78' lang='lat' dir='ltr'>pagus</span> <span class='ocrx_word' id='word_1_367' title='bbox 299 2442 367 2465; x_wconf 85' lang='lat' dir='ltr'>erat</span> <span class='ocrx_word' id='word_1_368' title='bbox 384 2434 416 2465; x_wconf 87' lang='lat' dir='ltr'>in</span> <span class='ocrx_word' id='word_1_369' title='bbox 433 2434 484 2464; x_wconf 61' lang='lat' dir='ltr'>via</span> <span class='ocrx_word' id='word_1_370' title='bbox 497 2433 618 2475; x_wconf 65' lang='lat' dir='ltr'>Appia,</span> <span class='ocrx_word' id='word_1_371' title='bbox 634 2441 667 2464; x_wconf 84' lang='lat' dir='ltr'>at</span> <span class='ocrx_word' id='word_1_372' title='bbox 683 2433 760 2464; x_wconf 89' lang='lat' dir='ltr'>olim</span> <span class='ocrx_word' id='word_1_373' title='bbox 785 2445 856 2465; x_wconf 83' lang='lat' dir='ltr'>mu-</span> 
     </span>
    </p>
   </div>
   <div class='ocr_carea' id='block_1_6' title="bbox 111 2477 858 2520">
    <p class='ocr_par' dir='ltr' id='par_1_6' title="bbox 111 2477 858 2520">
     <span class='ocr_line' id='line_1_41' title="bbox 111 2477 858 2520; baseline 0.001 -13"><span class='ocrx_word' id='word_1_374' title='bbox 111 2477 268 2520; x_wconf 81' lang='lat' dir='ltr'>nicipium</span> <span class='ocrx_word' id='word_1_375' title='bbox 285 2479 302 2507; x_wconf 72' lang='grc' dir='ltr'>ὲ</span> <span class='ocrx_word' id='word_1_376' title='bbox 323 2478 484 2509; x_wconf 87' lang='lat' dir='ltr'>Diomede</span> <span class='ocrx_word' id='word_1_377' title='bbox 510 2485 582 2520; x_wconf 83' lang='lat' dir='ltr'>post</span> <span class='ocrx_word' id='word_1_378' title='bbox 611 2488 755 2509; x_wconf 83' lang='lat' dir='ltr'>eversam</span> <span class='ocrx_word' id='word_1_379' title='bbox 771 2479 858 2509; x_wconf 88' lang='lat' dir='ltr'>Tro·</span> 
     </span>
    </p>
   </div>
   <div class='ocr_carea' id='block_1_7' title="bbox 111 2519 822 2564">
    <p class='ocr_par' dir='ltr' id='par_1_7' title="bbox 111 2519 822 2564">
     <span class='ocr_line' id='line_1_42' title="bbox 111 2519 822 2564; baseline 0.001 -13"><span class='ocrx_word' id='word_1_380' title='bbox 111 2521 180 2564; x_wconf 78' lang='lat' dir='ltr'>jam</span> <span class='ocrx_word' id='word_1_381' title='bbox 196 2519 380 2560; x_wconf 50' lang='lat' dir='ltr'>condituram</span> <span class='ocrx_word' id='word_1_382' title='bbox 404 2526 421 2552; x_wconf 72' lang='lat' dir='ltr'>e</span> <span class='ocrx_word' id='word_1_383' title='bbox 437 2533 501 2564; x_wconf 92' lang='lat' dir='ltr'>quo</span> <span class='ocrx_word' id='word_1_384' title='bbox 517 2522 639 2564; x_wconf 87' lang='lat' dir='ltr'>prodiit</span> <span class='ocrx_word' id='word_1_385' title='bbox 657 2523 822 2553; x_wconf 85' lang='lat' dir='ltr'>Muraena.</span> 
     </span>
    </p>
   </div>
   <div class='ocr_carea' id='block_1_8' title="bbox 158 2565 859 2609">
    <p class='ocr_par' dir='ltr' id='par_1_8' title="bbox 158 2565 859 2609">
     <span class='ocr_line' id='line_1_43' title="bbox 158 2565 859 2609; baseline 0.004 -15"><span class='ocrx_word' id='word_1_386' title='bbox 158 2566 209 2594; x_wconf 66' lang='lat'>8¹2.</span> <span class='ocrx_word' id='word_1_387' title='bbox 223 2565 434 2609; x_wconf 70' lang='lat' dir='ltr'>Laurentum]</span> <span class='ocrx_word' id='word_1_388' title='bbox 446 2566 513 2609; x_wconf 83' lang='lat' dir='ltr'>Qi</span> <span class='ocrx_word' id='word_1_389' title='bbox 523 2566 780 2608; x_wconf 80' lang='lat' dir='ltr'>triumphabant,</span> <span class='ocrx_word' id='word_1_390' title='bbox 791 2567 859 2597; x_wconf 85' lang='lat' dir='ltr'>lau-</span> 
     </span>
    </p>
   </div>
   <div class='ocr_carea' id='block_1_9' title="bbox 114 2609 859 2818">
    <p class='ocr_par' dir='ltr' id='par_1_9' title="bbox 114 2609 859 2818">
     <span class='ocr_line' id='line_1_44' title="bbox 114 2609 858 2647; baseline 0.003 -7"><span class='ocrx_word' id='word_1_391' title='bbox 114 2620 151 2640; x_wconf 83' lang='lat' dir='ltr'>ro</span> <span class='ocrx_word' id='word_1_392' title='bbox 171 2609 405 2647; x_wconf 69' lang='lat' dir='ltr'>coronabantur</span> <span class='ocrx_word' id='word_1_393' title='bbox 420 2622 426 2638; x_wconf 73' lang='grc' dir='ltr'>ε</span> <span class='ocrx_word' id='word_1_394' title='bbox 451 2609 523 2641; x_wconf 70' lang='lat' dir='ltr'>cum</span> <span class='ocrx_word' id='word_1_395' title='bbox 541 2619 650 2641; x_wconf 83' lang='lat' dir='ltr'>autem</span> <span class='ocrx_word' id='word_1_396' title='bbox 666 2610 777 2642; x_wconf 84' lang='lat' dir='ltr'>fuisset</span> <span class='ocrx_word' id='word_1_397' title='bbox 793 2613 858 2642; x_wconf 89' lang='lat' dir='ltr'>Lu-</span> 
     </span>
     <span class='ocr_line' id='line_1_45' title="bbox 117 2653 857 2697; baseline 0.001 -12"><span class='ocrx_word' id='word_1_398' title='bbox 117 2654 192 2685; x_wconf 85' lang='lat' dir='ltr'>culli</span> <span class='ocrx_word' id='word_1_399' title='bbox 206 2653 342 2695; x_wconf 83' lang='lat' dir='ltr'>legatus,</span> <span class='ocrx_word' id='word_1_400' title='bbox 357 2662 393 2686; x_wconf 84' lang='lat' dir='ltr'>ut</span> <span class='ocrx_word' id='word_1_401' title='bbox 414 2653 498 2685; x_wconf 81' lang='lat' dir='ltr'>illius</span> <span class='ocrx_word' id='word_1_402' title='bbox 514 2654 658 2685; x_wconf 71' lang='lat' dir='ltr'>victoriae</span> <span class='ocrx_word' id='word_1_403' title='bbox 676 2655 718 2686; x_wconf 85' lang='lat' dir='ltr'>sic</span> <span class='ocrx_word' id='word_1_404' title='bbox 736 2664 768 2686; x_wconf 84' lang='lat' dir='ltr'>et</span> <span class='ocrx_word' id='word_1_405' title='bbox 784 2666 857 2697; x_wconf 79' lang='lat' dir='ltr'>gra-</span> 
     </span>
     <span class='ocr_line' id='line_1_46' title="bbox 115 2697 858 2750; baseline 0.001 -21"><span class='ocrx_word' id='word_1_406' title='bbox 115 2697 281 2729; x_wconf 71' lang='lat' dir='ltr'>tulationis</span> <span class='ocrx_word' id='word_1_407' title='bbox 297 2699 407 2735; x_wconf 73' lang='lat' dir='ltr'>etiam,</span> <span class='ocrx_word' id='word_1_408' title='bbox 425 2706 456 2729; x_wconf 87' lang='lat' dir='ltr'>et</span> <span class='ocrx_word' id='word_1_409' title='bbox 480 2698 593 2740; x_wconf 83' lang='lat' dir='ltr'>gloriae</span> <span class='ocrx_word' id='word_1_410' title='bbox 611 2699 768 2750; x_wconf 69' lang='lat' dir='ltr'>particeps</span> <span class='ocrx_word' id='word_1_411' title='bbox 793 2711 858 2730; x_wconf 77' lang='lat' dir='ltr'>esse</span> 
     </span>
     <span class='ocr_line' id='line_1_47' title="bbox 114 2741 859 2787; baseline 0.003 -15"><span class='ocrx_word' id='word_1_412' title='bbox 114 2742 245 2780; x_wconf 71' lang='lat' dir='ltr'>debuit3</span> <span class='ocrx_word' id='word_1_413' title='bbox 269 2742 405 2784; x_wconf 87' lang='lat' dir='ltr'>ideoque</span> <span class='ocrx_word' id='word_1_414' title='bbox 430 2741 617 2783; x_wconf 73' lang='lat' dir='ltr'>Laurentum</span> <span class='ocrx_word' id='word_1_415' title='bbox 648 2744 716 2785; x_wconf 85' lang='lat' dir='ltr'>ejus</span> <span class='ocrx_word' id='word_1_416' title='bbox 744 2744 859 2787; x_wconf 86' lang='lat' dir='ltr'>imagi-</span> 
     </span>
     <span class='ocr_line' id='line_1_48' title="bbox 117 2794 311 2818; baseline -0.015 0"><span class='ocrx_word' id='word_1_417' title='bbox 117 2796 192 2818; x_wconf 86' lang='lat' dir='ltr'>nem</span> <span class='ocrx_word' id='word_1_418' title='bbox 209 2794 311 2818; x_wconf 69' lang='lat' dir='ltr'>vocat.</span> 
     </span>
    </p>
   </div>
   <div class='ocr_carea' id='block_1_10' title="bbox 161 2829 859 2875">
    <p class='ocr_par' dir='ltr' id='par_1_10' title="bbox 161 2829 859 2875">
     <span class='ocr_line' id='line_1_49' title="bbox 161 2829 859 2875; baseline 0.01 -17"><span class='ocrx_word' id='word_1_419' title='bbox 161 2832 212 2861; x_wconf 69' lang='lat'>537.</span> <span class='ocrx_word' id='word_1_420' title='bbox 243 2831 332 2862; x_wconf 67' lang='lat' dir='ltr'>Nova</span> <span class='ocrx_word' id='word_1_421' title='bbox 349 2838 437 2871; x_wconf 77' lang='lat' dir='ltr'>paerza</span> <span class='ocrx_word' id='word_1_422' title='bbox 460 2829 557 2872; x_wconf 45' lang='lat' dir='ltr'>[egita]</span> <span class='ocrx_word' id='word_1_423' title='bbox 574 2829 717 2864; x_wconf 81' lang='lat' dir='ltr'>Exilium</span> <span class='ocrx_word' id='word_1_424' title='bbox 733 2831 859 2875; x_wconf 85' lang='lat' dir='ltr'>signifi-</span> 
     </span>
    </p>
   </div>
   <div class='ocr_carea' id='block_1_11' title="bbox 901 2388 1650 2832">
    <p class='ocr_par' dir='ltr' id='par_1_11' title="bbox 901 2388 1649 2509">
     <span class='ocr_line' id='line_1_50' title="bbox 902 2388 1649 2432; baseline 0 -12"><span class='ocrx_word' id='word_1_425' title='bbox 902 2396 965 2426; x_wconf 77' lang='lat' dir='ltr'>cat,</span> <span class='ocrx_word' id='word_1_426' title='bbox 981 2400 1057 2431; x_wconf 85' lang='lat' dir='ltr'>quo,</span> <span class='ocrx_word' id='word_1_427' title='bbox 1072 2389 1154 2420; x_wconf 60' lang='lat' dir='ltr'>nov-2⁸¹</span> <span class='ocrx_word' id='word_1_428' title='bbox 1170 2388 1242 2432; x_wconf 81' lang='lat' dir='ltr'>lege</span> <span class='ocrx_word' id='word_1_429' title='bbox 1260 2388 1335 2427; x_wconf 68' lang='lat' dir='ltr'>lat2,</span> <span class='ocrx_word' id='word_1_430' title='bbox 1353 2397 1471 2432; x_wconf 86' lang='lat' dir='ltr'>praeter</span> <span class='ocrx_word' id='word_1_431' title='bbox 1492 2388 1569 2420; x_wconf 79' lang='lat' dir='ltr'>alias</span> <span class='ocrx_word' id='word_1_432' title='bbox 1582 2400 1649 2431; x_wconf 83' lang='lat' dir='ltr'>poe·</span> 
     </span>
     <span class='ocr_line' id='line_1_51' title="bbox 901 2433 1649 2476; baseline 0.001 -12"><span class='ocrx_word' id='word_1_433' title='bbox 901 2444 954 2464; x_wconf 85' lang='lat' dir='ltr'>nas</span> <span class='ocrx_word' id='word_1_434' title='bbox 972 2433 1164 2471; x_wconf 80' lang='lat' dir='ltr'>multantur,</span> <span class='ocrx_word' id='word_1_435' title='bbox 1183 2434 1239 2476; x_wconf 88' lang='lat' dir='ltr'>qui</span> <span class='ocrx_word' id='word_1_436' title='bbox 1256 2434 1397 2467; x_wconf 72' lang='lat' dir='ltr'>ambitos</span> <span class='ocrx_word' id='word_1_437' title='bbox 1421 2433 1560 2465; x_wconf 64' lang='lat' dir='ltr'>crimine&gt;</span> <span class='ocrx_word' id='word_1_438' title='bbox 1572 2444 1649 2465; x_wconf 85' lang='lat' dir='ltr'>con-</span> 
     </span>
     <span class='ocr_line' id='line_1_52' title="bbox 901 2486 1083 2509; baseline 0 0"><span class='ocrx_word' id='word_1_439' title='bbox 901 2486 1083 2509; x_wconf 75' lang='lat' dir='ltr'>vincuntur.</span> 
     </span>
    </p>

    <p class='ocr_par' dir='ltr' id='par_1_12' title="bbox 901 2521 1647 2642">
     <span class='ocr_line' id='line_1_53' title="bbox 948 2521 1646 2564; baseline 0.003 -13"><span class='ocrx_word' id='word_1_440' title='bbox 948 2523 1000 2552; x_wconf 82' lang='lat'>39.</span> <span class='ocrx_word' id='word_1_441' title='bbox 1028 2523 1162 2554; x_wconf 79' lang='lat' dir='ltr'>Orientis</span> <span class='ocrx_word' id='word_1_442' title='bbox 1184 2522 1312 2564; x_wconf 80' lang='lat' dir='ltr'>partes.]</span> <span class='ocrx_word' id='word_1_443' title='bbox 1332 2524 1366 2554; x_wconf 90' lang='lat' dir='ltr'>ln</span> <span class='ocrx_word' id='word_1_444' title='bbox 1383 2521 1510 2561; x_wconf 82' lang='lat' dir='ltr'>Asiam,</span> <span class='ocrx_word' id='word_1_445' title='bbox 1525 2533 1595 2562; x_wconf 82' lang='lat' dir='ltr'>quae</span> <span class='ocrx_word' id='word_1_446' title='bbox 1613 2522 1646 2553; x_wconf 87' lang='lat' dir='ltr'>in</span> 
     </span>
     <span class='ocr_line' id='line_1_54' title="bbox 903 2565 1647 2608; baseline 0.001 -12"><span class='ocrx_word' id='word_1_447' title='bbox 903 2574 994 2608; x_wconf 61' lang='lat' dir='ltr'>pti-te</span> <span class='ocrx_word' id='word_1_448' title='bbox 1011 2566 1174 2598; x_wconf 84' lang='lat' dir='ltr'>Orientali</span> <span class='ocrx_word' id='word_1_449' title='bbox 1201 2567 1261 2598; x_wconf 77' lang='lat' dir='ltr'>sita</span> <span class='ocrx_word' id='word_1_450' title='bbox 1287 2574 1345 2605; x_wconf 83' lang='lat' dir='ltr'>est,</span> <span class='ocrx_word' id='word_1_451' title='bbox 1373 2565 1494 2608; x_wconf 75' lang='lat' dir='ltr'>legatus</span> <span class='ocrx_word' id='word_1_452' title='bbox 1519 2566 1647 2602; x_wconf 76' lang='lat' dir='ltr'>Luculli</span> 
     </span>
     <span class='ocr_line' id='line_1_55' title="bbox 901 2611 975 2642; baseline 0 -1"><span class='ocrx_word' id='word_1_453' title='bbox 901 2611 975 2642; x_wconf 77' lang='lat' dir='ltr'>suit.</span> 
     </span>
    </p>

    <p class='ocr_par' dir='ltr' id='par_1_13' title="bbox 902 2653 1650 2832">
     <span class='ocr_line' id='line_1_56' title="bbox 946 2653 1647 2692; baseline 0.009 -12"><span class='ocrx_word' id='word_1_454' title='bbox 946 2657 999 2685; x_wconf 70' lang='lat'>4¹2,</span> <span class='ocrx_word' id='word_1_455' title='bbox 1014 2655 1051 2685; x_wconf 83' lang='grc' dir='ltr'>Ῑη</span> <span class='ocrx_word' id='word_1_456' title='bbox 1069 2656 1249 2686; x_wconf 71' lang='lat' dir='ltr'>contrariam</span> <span class='ocrx_word' id='word_1_457' title='bbox 1264 2653 1405 2692; x_wconf 52' lang='lat' dir='ltr'>jusdem]</span> <span class='ocrx_word' id='word_1_458' title='bbox 1426 2657 1500 2686; x_wconf 55' lang='grc' dir='ltr'><strong>Ρέ-Γο·</strong></span> <span class='ocrx_word' id='word_1_459' title='bbox 1517 2655 1647 2686; x_wconf 64' lang='lat' dir='ltr'>orienti</span> 
     </span>
     <span class='ocr_line' id='line_1_57' title="bbox 902 2697 1648 2735; baseline 0.001 -7"><span class='ocrx_word' id='word_1_460' title='bbox 902 2699 1063 2730; x_wconf 85' lang='lat' dir='ltr'>contraria</span> <span class='ocrx_word' id='word_1_461' title='bbox 1087 2697 1305 2730; x_wconf 79' lang='lat' dir='ltr'>Occidentalis</span> <span class='ocrx_word' id='word_1_462' title='bbox 1327 2705 1393 2735; x_wconf 76' lang='lat' dir='ltr'>e.-;t;</span> <span class='ocrx_word' id='word_1_463' title='bbox 1417 2699 1450 2730; x_wconf 84' lang='lat' dir='ltr'>in</span> <span class='ocrx_word' id='word_1_464' title='bbox 1465 2698 1523 2730; x_wconf 55' lang='lat' dir='ltr'>hstc</span> <span class='ocrx_word' id='word_1_465' title='bbox 1540 2708 1648 2730; x_wconf 77' lang='lat' dir='ltr'>autem</span> 
     </span>
     <span class='ocr_line' id='line_1_58' title="bbox 905 2743 1650 2786; baseline 0.001 -13"><span class='ocrx_word' id='word_1_466' title='bbox 905 2752 996 2786; x_wconf 73' lang='lat' dir='ltr'>parte</span> <span class='ocrx_word' id='word_1_467' title='bbox 1024 2743 1086 2774; x_wconf 85' lang='lat' dir='ltr'>fuit</span> <span class='ocrx_word' id='word_1_468' title='bbox 1115 2743 1234 2782; x_wconf 78' lang='lat' dir='ltr'>Gallia,</span> <span class='ocrx_word' id='word_1_469' title='bbox 1257 2745 1323 2784; x_wconf 81' lang='lat' dir='ltr'>quo</span> <span class='ocrx_word' id='word_1_470' title='bbox 1349 2744 1528 2776; x_wconf 64' lang='lat' dir='ltr'>Praetorem</span> <span class='ocrx_word' id='word_1_471' title='bbox 1556 2743 1650 2775; x_wconf 74' lang='lat' dir='ltr'>ivisse</span> 
     </span>
     <span class='ocr_line' id='line_1_59' title="bbox 904 2787 1159 2832; baseline -0.004 -12"><span class='ocrx_word' id='word_1_472' title='bbox 904 2787 1050 2832; x_wconf 67' lang='lat' dir='ltr'>superius</span> <span class='ocrx_word' id='word_1_473' title='bbox 1067 2787 1159 2819; x_wconf 73' lang='lat' dir='ltr'>dixit.</span> 
     </span>
    </p>
   </div>
   <div class='ocr_carea' id='block_1_12' title="bbox 1542 2875 1648 2917">
    <p class='ocr_par' dir='ltr' id='par_1_14' title="bbox 1542 2875 1648 2917">
     <span class='ocr_line' id='line_1_60' title="bbox 1542 2875 1648 2917; baseline 0.009 -1"><span class='ocrx_word' id='word_1_474' title='bbox 1542 2875 1648 2917; x_wconf 81' lang='lat' dir='ltr'>ciet?</span> 
     </span>
    </p>
   </div>
   <div class='ocr_carea' id='block_1_13' title="bbox 1848 2400 1872 3120">
    <p class='ocr_par' dir='ltr' id='par_1_15' title="bbox 1848 2400 1872 3120">
     <span class='ocr_line' id='line_1_61' title="bbox 1848 2400 1872 3120; baseline 0 15"><span class='ocrx_word' id='word_1_475' title='bbox 1848 2400 1872 3120; x_wconf 95' lang='lat' dir='ltr'> </span> 
     </span>
    </p>
   </div>
  </div>
 </body>
</html>
