1918 3088
578 132 808 179 ORATIO
839 130 908 177 IN
944 130 1000 175 L.
1034 124 1325 173 PISONEM.

144 248 399 295 immortales
435 248 480 292 in
500 260 662 293 nostros
683 249 835 292 milites
856 247 1151 304 expiaverunt:
1186 241 1258 301 qui
1290 241 1392 284 cum
1429 249 1530 299 uuo·
1546 245 1694 292 genere
1713 248 1770 283 30

147 308 281 352 morbi
315 306 609 367 affligerentur,
631 323 765 365 neque
786 323 827 349 se
848 320 1027 349 recreare
1047 303 1270 361 quisquam
1289 305 1443 361 posset,
1463 308 1535 352 qul
1568 288 1695 356 semel

136 365 354 420 ,incidisset
370 382 384 419 ;
417 366 634 408 dubitabat
653 381 795 417 nemo,
819 365 922 423 quin
939 363 1078 406 violati
1099 360 1298 416 hospites,
1317 356 1439 413 legati
1459 361 1611 401 necati,
1630 362 1697 389 so—

146 425 201 467 cii
228 422 384 475 nefario
404 422 513 466 bello
534 424 724 476 lacessiti,
743 423 838 465 fana
857 431 1013 473 vexata,

1037 421 1146 462 hanc
1167 427 1328 460 tantam
1345 413 1553 456 efficerent
1568 405 1696 449 vasti-

145 490 289 525 tatem.
351 481 586 546 Cognoscis
622 497 671 524 ex
693 482 896 538 particula
916 482 1041 537 parva
1060 476 1263 520 scelerum
1284 482 1324 515 et
1343 467 1594 513 crudelitatis
1614 473 1699 506 tuae

145 554 278 598 genus
308 555 565 583 universum.
627 540 744 584 Quid
765 538 962 588 avaritiae,
982 551 1078 594 quae
1096 531 1343 576 criminibus

1365 525 1539 572 infinitis
1559 521 1699 579 impli-
1717 539 1770 575 35

148 607 242 641 cata
261 607 338 650 est,
360 613 573 640 summam
593 613 708 640 nunc
728 596 957 653 explicem?
982 591 1211 651 generatim
1225 604 1272 630 ea
1289 603 1383 645 quae
1399 584 1584 629 maxime
1598 592 1704 646 nota

148 665 248 711 sunt
266 655 404 698 dicam
421 673 434 709 ;
463 670 604 698 nonne
626 655 860 696 sestertisim
880 652 1037 694 centies
1058 661 1098 691 et
1113 647 1315 705 octogies,
1338 645 1466 702 quod,
1491 655 1609 705 qufssffl
1626 653 1700 703 21³2·

150 712 245 755 sarii
265 713 521 765 nomine,·in
543 712 781 755 venditione
801 710 885 754 mei
907 709 1054 765 capitis
1076 705 1363 762 adscripseras,
1385 718 1434 744 ex
1458 714 1601 743 aerario
1625 697 1703 738 t1b1

149 770 397 813 attributum
422 773 569 814 Romae
599 769 643 812 in
660 779 674 798 0
694 777 859 827 quaestu
880 766 1110 824 reliquisti?
1150 777 1292 806 nonne
1325 763 1427 803 cum
1447 758 1528 802 CC
1550 757 1703 798 talenta

150 827 225 871 tibi
246 828 529 885 Apolloniatae
564 829 714 870 Romae
744 825 968 877 dedissent,
991 839 1042 866 ne
1063 822 1262 881 pecunias
1280 819 1453 883 creditas
1481 815 1700 864 solverent,
1720 834 1779 869 40

150 886 263 929 ultro
290 885 500 928 Fufidium
522 885 705 942 equitem
735 886 993 935 Romanum,
1017 882 1236 925 hominem
1257 886 1588 924 ornatissimum,
1620 885 1707 912 cre-

150 944 329 986 ditorem
344 942 598 986 debitoribus
616 943 700 985 suis
718 942 936 985 addixisti?
971 955 1130 991 nonne,
1142 939 1314 981 hiberna
1332 937 1429 998 curn
1447 933 1579 997 legato
1596 943 1705 985 prae-

149 1001 344 1058 sectoque
363 1010 437 1043 tuo
469 1000 717 1054 tradidisses,
753 1000 931 1043 evertisti
964 998 1135 1042 miseras
1169 993 1360 1038 funditus
1389 1000 1592 1041 crvrtates,
1612 1001 1708 1044 quae

152 1074 240 1102 non
261 1059 403 1102 soli'1m
422 1058 542 1101 bonis
564 1069 661 1101 sunt
682 1060 911 1110 exhaustae,
930 1058 999 1100 sed
1020 1056 1144 1099 etiam
1163 1052 1337 1097 nefarias
1352 1049 1579 1111 libidinum
1597 1060 1703 1087 con-

152 1116 349 1159 tumelias
379 1117 738 1174 turpitudinesque
777 1116 992 1159 subierunt
1011 1117 1031 1158 ?2
1081 1113 1171 1158 Qui
1209 1111 1359 1154 modus
1391 1107 1464 1150 tibi
1507 1106 1585 1147 fuit
1614 1101 1703 1144 fru-
1722 1126 1780 1161 45

155 1174 289 1217 menti
310 1175 575 1218 aestimandi?
609 1176 680 1232 qui
701 1173 912 1217 honorarii
930 1175 943 1216 ?
980 1173 1013 1215 si
1035 1173 1205 1230 quidem
1225 1177 1360 1226 potest
1372 1167 1412 1209 vi
1431 1175 1472 1208 et
1491 1171 1608 1206 metu
1627 1176 1707 1202 ex-

154 1242 316 1275 tortum
358 1233 630 1276 honorarium
666 1233 899 1285 nominari3
934 1231 1046 1289 quod
1078 1232 1182 1273 cum
1197 1236 1199 1240 ⁴
1216 1226 1402 1284 plerique
1430 1236 1594 1273 omneS,
1616 1224 1711 1283 tu'm

153 1290 422 1334 acerbissime
460 1291 633 1344 Boeotii,
665 1301 704 1334 et
735 1290 949 1349 Byzantii,
983 1291 1310 1338 cherronenses,
1343 1295 1384 1326 et
1411 1277 1712 1341 Thessalonlca

155 1348 313 1401 sensit3
346 1364 454 1391 unus
485 1358 530 1391 tu
551 1349 764 1401 dominus,
785 1364 894 1391 unus
916 1348 1160 1397 aestimator,
1190 1359 1299 1388 unus
1330 1340 1520 1384 venditor
1552 1338 1642 1379 tota
1670 1349 1715 1376 m

158 1406 374 1462 provincia
393 1422 462 1463 per
481 1407 707 1450 triennium
729 1406 927 1449 frumenti
948 1405 1087 1449 omnis
1109 1403 1239 1445 fuisti.

161 1462 402 1520 capitalium
421 1465 689 1523 quaestiones,
711 1480 875 1507 reorum
898 1465 1131 1522 pactiones,
1149 1460 1468 1517 redemptiones,
1491 1453 1710 1498 acerbissi-

160 1536 253 1563 mas
279 1522 584 1575 damnationes,
603 1522 965 1566 libidinosissimas
982 1522 1245 1564 liberationes
1268 1517 1471 1575 proferam
1493 1516 1508 1557 ?
1543 1513 1715 1574 tantuin

160 1578 304 1623 locum
324 1580 504 1639 aliquem
527 1586 630 1624 cum
661 1581 771 1625 mihi
794 1590 944 1624 notum
963 1594 1051 1622 esse
1073 1577 1262 1631 senseris,
1285 1588 1427 1620 tecum
1443 1573 1530 1631 ipse
1551 1568 1712 1620 licebit,

510 1725 676 1770 “strueres

205 1899 261 1930 3¹2.
289 1897 570 1940 Violatil1ospites.]
598 1897 723 1935 Plator,
738 1905 774 1931 ut
791 1896 915 1940 superi-

164 1944 202 1975 us
216 1944 340 1975 dictum
353 1951 414 1982 est,
431 1943 471 1974 ab
488 1954 525 1975 eo
539 1943 728 1975 interfectus
744 1952 803 1980 est,
817 1943 849 1973 in
863 1953 917 1973 eo-

164 1999 227 2030 que
244 1989 296 2031 jus
316 1987 450 2030 hospitii
476 1986 495 2019 ἓι
523 1989 641 2021 Pisone
669 1988 828 2020 violatum
851 1996 918 2026 est3

164 2033 307 2075 hospites
323 2042 432 2064 aurem
448 2032 570 2066 violare
586 2044 748 2065 summum
764 2032 849 2075 apud
863 2043 916 2063 ve-

167 2085 252 2110 teres
267 2077 367 2110 scelus
383 2076 455 2109 fuit.
898 2110 901 2112 ,

211 2122 265 2153 37.
290 2120 466 2153 Sestertiz‘im
481 2123 590 2153 centies
605 2127 632 2153 et
648 2120 799 2163 octogies.]
828 2122 917 2164 Qa-

166 2165 340 2209 dringenta
356 2167 594 2210 quinquaginta
618 2164 720 2198 millia
737 2176 921 2204 aureorum,

167 2221 305 2262 quorum
318 2211 454 2255 quilibet
467 2212 553 2244 valet
566 2211 731 2254 sexaginta
748 2211 812 2242 duo
825 2210 919 2241 dena·

169 2265 247 2287 nos.

216 2299 263 2331 lb.
292 2299 411 2331 Vasarii
426 2299 570 2340 nominem]
598 2301 645 2331 Ea
671 2298 781 2331 omnia
808 2299 924 2330 vasariz·

172 2345 303 2376 nomine
326 2344 528 2383 dicebantur,
543 2356 614 2388 quae
631 2344 873 2387 magistratibus
890 2344 923 2374 in

172 2389 372 2429 provinciam
385 2389 491 2428 ituris,
503 2391 543 2422 ad
556 2400 668 2422 eorum
683 2400 755 2421 usus
769 2388 925 2420 domesti-

173 2443 227 2464 cos
243 2442 282 2464 ex
296 2435 409 2466 aexario
421 2434 692 2473 concedebantur.

218 2476 269 2506 38.
295 2477 336 2509 In
361 2480 530 2511 venditione
556 2480 612 2510 mee·
627 2477 756 2519 capitis]
794 2475 924 2508 Pactio-

174 2530 250 2553 nem
271 2520 393 2554 fecerat
423 2534 495 2555 cum
523 2524 639 2555 Pisone
668 2521 813 2559 Clodius,
841 2528 877 2552 ut
900 2520 926 2552 si

174 2565 325 2608 perderet
349 2566 551 2606 Ciceronem,
575 2568 711 2610 pecunia
728 2565 776 2597 illi
792 2577 829 2597 ex
849 2576 926 2596 ΞΠ-

176 2610 226 2641 rio
240 2611 273 2641 in
290 2618 455 2652 sumptum
471 2612 622 2644 exercitos
639 2612 882 2643 attribueretur.

222 2655 273 2685 39.
299 2655 346 2685 CC
369 2655 510 2698 talenta]
536 2656 752 2688 Gallicorum
777 2665 929 2687 nummo-

178 2708 251 2731 rum
269 2699 371 2730 millia
387 2709 518 2731 centum
529 2700 647 2743 viginti
664 2700 818 2734 efficiunt.

180 2745 277 2820 Ιιι40.
295 2744 528 2794 .Α])ο[[οηὶοέιε.]
572 2743 749 2788 Apollonia
773 2744 848 2776 urbs
881 2750 929 2776 est

162 2810 166 2813 -
234 2799 315 2820 τισι.
500 2800 503 2803 ’

222 2798 279 2863 ite.
297 2831 475 2870 Addixisffl
500 2830 623 2864 Addici
638 2832 768 2875 proprie
784 2832 870 2865 bona
885 2831 934 2862 di-

182 2885 313 2916 cuntur,
329 2877 405 2910 cum
422 2878 545 2909 Praetor
568 2884 623 2908 aut
645 2877 784 2909 secundo
806 2877 936 2909 decreto

995 1722 1011 1746 ‘³
1008 1724 1164 1773 judicia
1182 1721 1372 1773 capitalia.

959 1897 1125 1931 bonorum
1160 1896 1391 1939 possessionem
1417 1893 1568 1936 largitur,
1580 1891 1644 1926 hoc
1654 1899 1715 1931 est,

962 1943 1124 1986 possidere
1146 1942 1259 1984 jubet:
1285 1949 1340 1972 aut
1355 1938 1427 1970 cum
1449 1940 1516 1982 ejus
1542 1940 1638 1977 bona,
1657 1936 1716 1980 qui

961 1988 1143 2031 judicatum
1160 1986 1262 2017 facere
1280 1996 1344 2017 non
1369 1992 1488 2027 potest,
1507 1983 1642 2026 petitori
1667 1991 1716 2013 at·

961 2032 1089 2064 tribuit.
1137 2034 1185 2062 At
1217 2031 1290 2062 Piso
1317 2041 1382 2061 non
1404 2028 1617 2060 creditoribus
1633 2028 1718 2059 bona

961 2076 1158 2113 debitorum,
1176 2076 1231 2107 sed
1247 2075 1443 2107 creditorum
1455 2073 1542 2105 bona
1554 2072 1715 2104 debitori·-

961 2122 1022 2154 bus
1037 2121 1172 2158 addixit,
1187 2121 1260 2162 quia
1287 2119 1404 2151 milites
1420 2118 1459 2150 ad
1475 2119 1610 2151 domum
1628 2116 1715 2148 Fufi-

963 2166 1021 2204 dii,
1033 2166 1073 2197 ad
1086 2165 1222 2196 hiberna
1239 2164 1327 2196 missi
1344 2171 1427 2195 sunt.

1009 2211 1061 2241 46.
1087 2210 1277 2249 Honorarii.]
1319 2208 1545 2241 Honorarium
1571 2206 1718 2238 frumen·

963 2263 1036 2287 tum
1047 2255 1214 2296 intelligit,
1224 2254 1312 2297 quod
1328 2253 1425 2296 gratis
1438 2264 1470 2285 et
1486 2252 1616 2284 honoris
1629 2253 1720 2283 causi

969 2299 1169 2332 Praetoribus
1182 2299 1421 2341 provinciarum
1433 2298 1579 2330 dabatur.

1013 2346 1064 2377 48.
1090 2345 1227 2385 Boemffl
1255 2344 1373 2375 Boeotii
1387 2343 1500 2387 populi
1516 2342 1594 2374 olim
1617 2336 1721 2380 stupi-

969 2389 1071 2421 ditate
1082 2391 1136 2420 sua
1148 2390 1230 2419 male
1247 2388 1437 2420 audierunt:
1465 2392 1481 2418 a
1499 2385 1620 2418 Boeotia
1634 2382 1721 2424 regi-

970 2445 1032 2466 one
1049 2434 1081 2465 in
1105 2433 1222 2465 finibus
1238 2433 1372 2464 Graeciae
1390 2432 1481 2471 dicti,
1496 2441 1527 2463 et
1544 2431 1611 2461 haee
1629 2434 1645 2459 a
1660 2427 1721 2458 bo-

970 2490 1020 2517 ve,
1035 2479 1124 2521 cujus
1137 2479 1237 2510 ductu
1252 2477 1314 2509 huc
1332 2477 1473 2509 Cadmus
1487 2474 1645 2519 pervenit.

1018 2522 1063 2554 Ib.
1077 2522 1248 2565 Byzantii]
1262 2522 1410 2563 Byzantii
1424 2525 1440 2552 ὲ
1454 2520 1613 2563 Byzantio
1621 2518 1725 2554 Thra.

971 2567 1027 2598 ciae
1041 2568 1169 2599 civitate
1181 2567 1224 2598 sic
1241 2566 1341 2605 dicti3
1365 2577 1435 2608 quze
1451 2563 1726 2609 (costantinopo-

974 2613 1010 2644 lis
1027 2612 1046 2643 a
1060 2612 1275 2644 Constantino
1293 2611 1403 2653 postea
1421 2617 1604 2651 nuncupata
1621 2619 1678 2644 est.

1020 2657 1067 2689 lb.
1094 2655 1334 2698 Carmonenses]
1371 2655 1590 2686 Cherronesus
1607 2652 1676 2687 haec
1692 2655 1726 2687 in

975 2700 1114 2733 Thracia
1131 2700 1193 2732 fuit
1220 2701 1260 2731 ad
1289 2701 1428 2731 Pontum
1452 2698 1627 2736 Euxinum,
1643 2700 1729 2733 inter

975 2745 1184 2788 Apolloniam
1199 2752 1230 2776 et
1246 2744 1476 2785 Thyrriffdem.

1022 2793 1073 2821 51.
1086 2791 1215 2821 Remum
1225 2788 1406 2830 pactiones]
1419 2787 1641 2819 conveniebat
1654 2798 1731 2820 cum

978 2835 1040 2868 reis
1057 2834 1191 2878 pecunia
1208 2836 1270 2875 qui
1287 2844 1318 2865 se
1335 2833 1532 2866 redimerent
1547 2831 1566 2863 a
1580 2832 1715 2876 judicio.

1019 2934 1051 2962 Y
1637 2926 1740 2979 quot

1693 122 1774 164 995

1303 1399 1419 1445 Quid
1441 1413 1517 1456 ego
1538 1398 1552 1421 ‘¹
1574 1407 1711 1456 rerum
1731 1420 1787 1456 50
