1872 3140
110 157 193 203 412
332 196 336 200 .
623 164 687 212 M.
718 164 920 210 TULLII
949 159 1273 208 CICERONIS

182 292 379 333 ponerem
398 278 571 320 audaciae
592 288 687 326 tuae,
717 291 842 333 quarn
861 293 995 335 neque
1024 281 1235 321 auctoritas
1267 280 1385 332 hujus
1424 280 1589 327 ordinis,
1617 292 1696 320 not-¹

183 349 264 388 que
284 335 525 376 existimatio
544 335 681 389 populi
703 334 896 384 Romani,
915 349 1049 388 neque
1068 338 1175 390 leges
1190 337 1282 377 uuae
1295 347 1453 391 possent
1473 334 1688 378 coercere?

181 391 477 433 Verumtamen
499 391 599 445 quid
618 401 718 438 erat,
733 388 845 446 quod
865 406 930 431 me
942 407 1117 446 rogareS,
1135 393 1168 434 si
1188 403 1271 434 erat
1286 394 1332 442 is,
1352 393 1402 434 de
1417 407 1496 448 quo
1509 392 1688 449 rogabas,
1742 416 1745 421 ‹
1791 419 1793 422 -

183 446 350 489 Caesaris
380 449 468 501 lege
496 447 684 488 reductus
702 446 719 488 ?
749 449 821 488 sed
840 448 1026 488 videlicet
1060 450 1076 472 ¹²
1093 463 1224 489 meam
1245 451 1412 505 gratiam
1431 449 1558 491 voluit
1578 463 1660 490 esse
1678 463 1689 491 ;

111 495 166 540 90
182 503 225 546 in
245 519 326 561 quo
346 518 398 545 ne
417 503 537 558 ipsius
559 504 725 558 quidem
742 505 823 545 ulla
842 514 998 560 poterat
1018 519 1119 555 esse,
1140 507 1228 561 lege
1248 505 1339 546 lata.

776 615 794 637 ¹¹
810 616 853 654 id
869 616 987 655 debere
1000 616 1100 656 mihi.

471 781 905 828 REFUTATIONIS
934 784 1212 826 SECUNDA
1243 784 1405 825 PARS-

630 895 857 934 Consulatum
874 896 1065 934 crudeliter
1077 899 1235 947 gessisse.

228 1004 308 1048 III.
335 1005 418 1048 Sed
435 1003 530 1046 cum
559 1006 678 1056 mihi,
707 1005 844 1047 Patres
866 1006 1109 1062 Conscripti,
1139 1016 1179 1048 et
1210 1022 1284 1061 pro
1304 1021 1370 1047 me
1390 1007 1554 1061 aliquid,
1583 1017 1622 1048 et
1643 1008 1686 1056 in

177 1060 239 1104 M.
274 1062 502 1108 Antonium
541 1065 667 1104 multa
699 1063 870 1104 dicenda
904 1065 1012 1114 sint3
1043 1066 1214 1105 alterum
1244 1075 1338 1118 peto
1358 1061 1380 1102 ὲ.
1400 1064 1529 1112 vobis,
1556 1073 1599 1104 ut
1618 1078 1688 1104 me

174 1133 249 1176 pro
269 1133 334 1161 me
354 1119 555 1164 dicentem
575 1117 748 1175 benigne
766 1137 778 1168 3
809 1121 980 1161 alterum
1013 1121 1096 1174 ipse
1128 1120 1316 1170 efficiam,
1346 1131 1389 1161 ut
1410 1130 1550 1161 contra
1568 1120 1692 1162 illum'

177 1173 270 1217 cum
299 1176 444 1225 dicam,
474 1178 631 1217 attente
657 1176 847 1218 audiatis:
876 1177 994 1218 simul
1028 1178 1127 1218 illud
1165 1192 1252 1226 oro,
1281 1179 1312 1218 si
1352 1191 1483 1218 meam
1513 1174 1608 1218 cum
1642 1177 1686 1217 in

117 1235 157 1279 ὗ
175 1232 287 1281 omni
307 1232 404 1280 vita,
429 1243 518 1274 tum
539 1233 581 1273 in
619 1234 794 1274 dicendo
834 1235 1151 1275 moderationem
1182 1235 1501 1288 modestiamque
1531 1230 1686 1287 cogno-

172 1289 258 1336 stis,
286 1303 339 1329 ne
367 1304 434 1330 me
463 1290 601 1338 hodie,
640 1288 734 1330 cum
765 1290 843 1337 isti,
872 1301 916 1331 ut
946 1292 1192 1344 provocavit,
1221 1292 1481 1344 respondero,
1508 1290 1683 1331 oblitum

173 1359 258 1388 esse
278 1346 425 1400 putetis
455 1346 562 1386 mei:
590 1361 674 1386 non
707 1347 885 1387 tractabo
919 1358 963 1387 ut
993 1347 1239 1395 Consulem3
1269 1362 1321 1388 ne
1345 1348 1412 1388 iile
1433 1347 1597 1402 quidem
1615 1360 1683 1388 me

172 1411 219 1443 ut
249 1401 536 1444 Consularem:
570 1404 641 1442 etsi
677 1404 743 1442 ille
776 1405 889 1444 nullo
923 1404 1045 1446 modo
1085 1403 1251 1450 Consul,
1281 1405 1345 1444 vel
1366 1404 1476 1457 quod
1496 1403 1551 1443 ita
1570 1403 1686 1451 vivit,

173 1457 237 1498 vel
257 1457 369 1513 qu'bd
395 1458 449 1500 ita
482 1460 771 1513 rempublicam
791 1460 908 1514 gerit,
939 1461 1002 1499 vel
1023 1457 1135 1514 quod
1156 1461 1210 1501 ita
1229 1459 1355 1500 factus
1375 1470 1433 1500 est
1459 1459 1651 1512 [Consul]
1667 1475 1683 1507 3

104 1519 157 1565 10
173 1529 249 1570 ego
283 1515 368 1556 sine
406 1515 489 1556 ulla
527 1515 799 1557 controversia
838 1515 1080 1557 Consularis.
1138 1517 1200 1557 Ut
1234 1517 1358 1572 igitur
1393 1515 1690 1569 intelligeretis,'

172 1572 334 1626 qualem
371 1572 455 1625 ipse
497 1586 538 1612 se
579 1572 798 1613 Consulem
837 1573 1066 1626 profitetur,
1096 1573 1241 1624 objecit
1279 1573 1380 1613 mihi
1407 1571 1681 1617 ‚Consulatum

171 1643 309 1668 meum
324 1644 337 1678 3
367 1629 436 1683 qui
468 1628 722 1677 Consulatus,
752 1636 768 1651 ⁸
787 1629 911 1668 verbo
938 1644 1066 1678 meus,
1095 1630 1141 1670 P.
1161 1629 1209 1670 C.
1230 1644 1273 1669 re
1293 1641 1424 1670 vester
1443 1628 1548 1676 fuit3
1579 1629 1690 1680 quid·

170 1685 280 1726 enim
311 1685 515 1734 constitui,
554 1687 651 1739 quid
672 1685 788 1741 gessi,
819 1686 915 1739 quid
931 1687 1010 1740 egi,
1025 1686 1100 1727 nisi
1121 1701 1171 1727 ex
1191 1687 1309 1738 hujus
1329 1686 1479 1726 ordinis
1499 1684 1680 1733 consilio,

168 1741 420 1790 auctoritate,
449 1741 678 1783 sententia?
735 1742 837 1783 Haec
875 1752 918 1782 tu
954 1744 1078 1783 homo
1111 1743 1279 1797 sapiens,
1309 1757 1393 1782 non
1430 1738 1562 1782 solum
1595 1741 1687 1781 elo--

101 1804 151 1847 15
170 1812 312 1853 quens,
341 1799 448 1852 apud
482 1813 566 1849 eos,
607 1813 781 1853 quorum
820 1799 985 1839 consilio
1019 1798 1292 1854 sapientiaque
1330 1808 1439 1852 gesta
1470 1808 1578 1846 sunt,
1609 1812 1684 1837 au-

167 1869 234 1895 sus
280 1869 322 1895 es
368 1854 628 1909 vituperare?
687 1855 790 1910 Quis
838 1865 972 1896 autem
1019 1871 1157 1896 meum
1205 1855 1485 1903 Consulatum,
1531 1863 1680 1908 praeter

165 1908 214 1950 P.
259 1910 464 1960 Clodium,
513 1912 581 1965 qui
639 1912 897 1965 vituperaret,
953 1912 1139 1953 inventus
1187 1924 1245 1953 est
1269 1911 1285 1952 ?
1353 1911 1463 1963 cujus
1511 1910 1677 1965 quidem

165 1966 240 2007 tibi
267 1965 411 2016 fatum,
452 1968 567 2008 sicuti
596 1967 646 2008 C.
678 1967 863 2017 Curioni,
913 1965 927 1988 ⁵
945 1981 1106 2010 manet:
1154 1970 1345 2024 quoniam
1387 1968 1429 2008 id
1457 1966 1566 2007 domi
1596 1976 1677 2007 tuae

165 2032 240 2071 est,
283 2023 394 2078 quod
430 2023 516 2065 fuit
564 2024 727 2065 illorum
766 2025 929 2079 utrique
970 2024 1104 2067 fatale.
1171 2027 1270 2066 Non
1318 2026 1447 2078 placet
1487 2022 1550 2064 Μ.
1587 2023 1677 2062 An·

91 2079 277 2137 J‘Otonio
319 2079 558 2122 Consulatus
605 2095 750 2122 meus:
808 2091 847 2122 at
895 2082 1043 2136 placuit
1082 2082 1128 2122 P.
1158 2082 1345 2130 Servilio,
1387 2090 1432 2121 ut
1473 2093 1566 2120 eum
1594 2078 1677 2133 pri·

550 2198 565 2213 ⁸
583 2194 729 2234 nomine.
990 2192 1014 2213 ¹¹'
1023 2193 1195 2244 impendet
1213 2192 1290 2233 tihi.

209 2357 259 2388 14.
273 2355 370 2387 Homo
390 2356 524 2401 scytalen]
549 2359 661 2390 ironia.
939 2357 1115 2398 Bagradam
1130 2360 1272 2391 fluvium
1290 2369 1367 2390 cum
1385 2359 1451 2389 suis
1477 2340 1681 2388 tmcidatum'

212 2402 259 2442 Π.
279 2399 417 2439 Publium
443 2400 602 2442 Clodium]
638 2401 699 2431 Hic
725 2401 897 2432 infensissi-
939 2411 1017 2432 esse.

167 2451 242 2474 mus
251 2442 316 2475 fui<
333 2438 488 2480 Ciceroni,
500 2451 535 2474 ut
545 2454 584 2474 ex
597 2443 740 2484 pluribus
750 2445 818 2482 ejus
828 2454 898 2474 ora·
987 2446 1034 2474 19.
1056 2445 1174 2485 Utrique
1187 2444 1308 2482 finales]
1332 2444 1488 2484 Loquitur
1501 2443 1539 2473 de
1552 2440 1677 2478 Fulvi-3,

168 2483 311 2524 tionibus
321 2486 468 2526 colligere
490 2487 576 2525 licet,
591 2494 709 2518 etcum
726 2487 904 2523 damnavit,
950 2496 1021 2526 quae
1034 2494 1092 2518 tres
1110 2489 1200 2518 duxit
1213 2489 1359 2528 nuptias;
1383 2496 1460 2518 cum
1478 2485 1603 2522 Clodio,
1614 2486 1674 2526 qui

166 2526 257 2568 quod
272 2527 356 2559 eires
373 2529 582 2566 indemnatos,
607 2536 644 2560 ut
659 2529 793 2565 dicebat,
810 2538 905 2559 neca·
948 2527 964 2558 a
982 2529 1102 2560 Milone
1123 2530 1246 2560 occisus
1261 2537 1307 2560 est
1321 2541 1331 2568 3
1354 2538 1431 2559 cum
1449 2529 1597 2565 Curione,
1611 2528 1672 2569 qui

165 2569 272 2606 visset,
285 2580 338 2601 eos
362 2572 519 2609 videlicet,
542 2572 597 2612 qui
623 2570 814 2603 Catilinatiae
828 2581 904 2602 con·
946 2573 1037 2611 periit
1055 2573 1085 2602 in
1100 2571 1194 2613 Lym-s
1211 2573 1392 2603 interfectus
1408 2569 1426 2602 ὲ
1443 2571 1646 2611 Pompeianis
1659 2581 1679 2608 ς]

163 2610 332 2655 jurationis
346 2614 423 2644 socii
435 2615 532 2645 fuere.
562 2652 565 2655 y
942 2614 1011 2654 jam
1029 2616 1165 2654 denique
1178 2625 1254 2646 curn
1270 2615 1424 2655 Antonio,
1439 2614 1490 2644 cui
1506 2613 1610 2645 simile
1623 2615 1678 2654 set-3

213 2656 261 2684 18.
275 2654 364 2686 Sicuti
380 2656 414 2687 C.
433 2654 583 2698 Curioni]
607 2657 711 2687 Docet
727 2657 900 2696 Appianus,
946 2664 1015 2687 tum
1033 2659 1165 2688 afferret.
1512 2676 1515 2678 -
1576 2671 1579 2674 ·

166 2695 352 2733 Curionem,
380 2698 455 2730 curn
471 2701 549 2730 duas
564 2700 701 2739 legiones
716 2699 843 2730 duceret
866 2700 897 2730 in
987 2700 1039 2729 20.
1064 2699 1176 2730 Placuit
1201 2699 1236 2730 P.
1261 2697 1402 2740 Servilia]
1437 2699 1586 2734 Servilius
1616 2697 1677 2739 ine,-

165 2739 298 2778 Lybiam
324 2748 433 2772 contra
460 2743 598 2778 Varum,
625 2742 683 2782 qui
713 2738 732 2771 ὲ
757 2742 897 2780 partibus
942 2742 1062 2771 Isauros
1075 2743 1201 2772 domuit
1212 2740 1382 2780 inCilicia¹i3
1393 2743 1475 2772 unde
1489 2741 1617 2772 isaurici
1626 2751 1676 2772 ηο,

164 2781 309 2825 yompeii
326 2784 440 2820 stabat,
461 2791 493 2816 et
513 2790 623 2815 contra
636 2784 652 2813 J
660 2783 756 2814 ubam
770 2784 897 2815 Mauri·
941 2793 1016 2814 men
1027 2787 1154 2815 sortitus
1162 2791 1216 2815 est:
1230 2793 1260 2816 et
1269 2783 1575 2816 extremasenectute
1582 2782 1668 2814 mor-

161 2825 257 2877 faniae
275 2825 409 2865 Regem,
423 2827 482 2867 qui
497 2837 529 2859 se
545 2828 631 2860 Varo
642 2826 887 2868 adjunxerat,ad
940 2834 1014 2857 tuus
1025 2835 1081 2863 est,
1093 2825 1378 2868 Caesare'quintiim
1387 2834 1418 2858 et
1428 2828 1569 2862 Antonio
1579 2825 1679 2860 Coss.-

1555 2883 1669 2914 mum
