1872 3135
471 151 694 195 ORATIO
727 152 839 194 PRO
869 151 1027 195 LEGE
1053 146 1343 194 MANILIA.

482 266 736 310 QUARTA
765 265 909 309 PARS
930 263 1180 324 Argumenti
1195 262 1334 320 primi.

437 351 552 395 Quia
572 363 750 410 aguntur
768 352 942 396 fortunae
963 353 1189 395 multorum
1211 351 1378 395 civium.

1674 152 1729 191 37

211 439 310 481 VII.
348 439 413 481 Ac
451 455 503 481 ne
534 440 631 482 illud
663 440 828 498 quidem
865 441 980 483 vobis
1012 440 1305 503 negligendum
1329 448 1404 492 est,
1427 440 1535 496 quod
1557 439 1666 482 mihi

151 511 246 553 ego
249 509 475 538 extremum
507 513 653 554 propos
648 514 812 550 mucram
837 500 934 540 cum
955 513 1085 539 essem
1107 499 1155 538 de
1177 497 1270 539 belli
1302 512 1444 554 genere
1463 497 1661 549 dicturus,

122 588 125 589 γ
155 555 266 610 quod
300 555 347 596 ad
377 555 603 597 multorum
633 556 741 597 bona
762 557 913 597 civium
948 556 1230 597 Romanorum
1255 533 1452 618 pertinet:
1485 569 1665 610 quorum

155 610 272 652 vobis
293 627 366 667 pro
389 628 452 653 ves
458 614 519 655 tra
550 613 760 667 sapientia,
785 612 985 663 Quirites,
1019 610 1206 653 habenda
1240 621 1299 651 est
1319 611 1419 652 ratio
1441 611 1663 669 diligenter.

153 669 270 710 Nam
283 679 322 710 et
335 669 558 733 publicani,
576 670 764 710 homines
781 679 821 709 et
834 668 1015 709 honestis
1001 667 1112 710 simi
1131 676 1169 708 et
1181 669 1349 709 ornatis
1338 667 1446 720 imi,
1462 684 1552 711 suas
1569 677 1584 694 ³
1600 683 1665 710 ra·
1710 683 1733 718 5

154 724 287 767 tiones
316 737 354 768 et
387 742 524 784 coplas
546 742 586 767 m
610 726 720 766 illam
743 725 996 780 provinciam
1019 725 1304 766 contulerunt:
1339 740 1517 781 quorum
1550 726 1663 781 ipso-

156 797 247 824 rum
275 799 346 839 per
366 798 406 824 se
429 799 488 824 res
511 792 550 824 et
570 783 747 824 sortunae
775 798 882 824 cure
902 781 1017 824 vobis
1036 797 1122 823 esse
1142 782 1311 823 debent.
1344 782 1495 823 etenim
1516 782 1547 823 si
1570 798 1666 825 vec-

155 839 294 896 tigalia
321 855 465 882 nervos
496 855 582 881 esse
605 839 840 894 reipublicae
871 855 1029 895 semper
1050 841 1065 864 ¹³
1084 839 1209 880 duxi1
1196 855 1307 891 nus,
1341 855 1434 881 eum
1469 843 1577 883 certe
1599 856 1667 883 or-

156 897 312 948 dinem,
335 898 442 954 qui
461 907 619 939 exercet
638 898 721 949 illa,
754 897 1062 939 firmamentum
1085 908 1324 938 caeterorum
1347 897 1539 938 ordinum
1565 900 1670 940 recte

154 969 241 995 esse
256 953 456 997 dicemus.
517 955 678 996 Deinde
700 955 856 996 caeteris
875 969 922 996 ex
939 954 1152 997 ordinibus
1169 954 1395 996 hominesd
1412 954 1532 1011 gnavi
1549 954 1667 997 etin·
1690 970 1741 1004 10

153 1010 295 1052 dustrii
317 1012 465 1067 partim
487 1011 565 1068 ipsi
583 1012 623 1053 in
644 1013 750 1054 Asia
767 1011 1040 1071 negotiantur,
1060 1011 1210 1068 quibus
1227 1026 1298 1052 vos
1312 1001 1549 1055 absentibus
1565 1027 1669 1054 con-

154 1068 284 1110 sulere
305 1069 489 1111 debetis·
478 1086 489 1123 3
524 1070 669 1126 partim
694 1085 801 1122 suas,
823 1079 863 1111 et
883 1085 1052 1111 suorum
1074 1085 1118 1110 m
1153 1070 1201 1110 ea
1235 1068 1445 1125 provincia
1476 1070 1672 1126 pecunias

154 1139 325 1183 magnas
347 1127 564 1169 collocatas
600 1127 767 1170 habent.
826 1126 916 1168 Erit
951 1126 1075 1184 igitur
1097 1127 1366 1168 humanitatis
1389 1137 1531 1169 vestrae
1552 1143 1672 1192 mag·

155 1197 259 1226 num
281 1199 423 1225 eorum
445 1184 634 1248 civiume
649 1200 868 1226 numerum
891 1166 1149 1226 calamitates
1167 1185 1409 1240 prohibere·
1399 1217 1411 1237 ‚
1444 1185 1670 1241 sapientiae,

155 1240 289 1283 videre
308 1242 534 1284 multorum
554 1241 710 1284 civium
733 1242 1042 1284 calamitatem
1029 1259 1054 1284 a
1073 1248 1088 1273 ἓ
1110 1241 1319 1297 republica
1341 1242 1567 1295 sejunctam
1587 1258 1672 1284 esse
1695 1259 1741 1293 15

154 1313 243 1340 non
259 1314 390 1355 posse.
423 1299 590 1341 Etenim
610 1299 708 1341 illud
726 1300 908 1355 primum
925 1299 1034 1356 parvi
1050 1298 1182 1351 refert,
1197 1315 1219 1339 v
1223 1315 1268 1340 os
1281 1299 1512 1363 publicanis
1527 1300 1678 1342 amissa

157 1356 370 1413 vectigalia
400 1360 542 1412 postea
571 1356 745 1399 victoria
779 1372 1038 1413 recuperare3
1069 1372 1203 1413 neque
1237 1357 1350 1398 enim
1386 1357 1530 1399 iisdem
1570 1357 1675 1400 redi-

157 1415 301 1455 mendi
338 1414 507 1456 facultas
545 1414 620 1456 erit
658 1425 822 1470 propter
862 1414 1156 1465 calamitatem,
1194 1429 1329 1478 neque
1365 1414 1455 1456 aliis
1489 1414 1678 1457 voluntas
1735 1436 1739 1441 ·

159 1480 323 1534 propter
357 1470 560 1513 timorem.
621 1472 785 1522 Deinde
821 1473 932 1529 quod
968 1487 1043 1513 nos
1079 1471 1221 1514 eadem
1256 1471 1375 1523 Asia,
1413 1481 1535 1529 atque
1570 1472 1679 1515 idem

158 1527 235 1569 iste
267 1528 533 1570 Mithridates
564 1528 684 1570 initio
715 1528 811 1571 belli
841 1529 1016 1571 Asiatici
1051 1529 1206 1581 docuit,
1239 1528 1280 1572 id
1311 1533 1418 1572 certe
1449 1529 1680 1574 calamitate
1694 1550 1750 1584 ρο

159 1584 271 1626 docti
308 1585 512 1628 memoria
531 1586 705 1627 retinere
719 1586 934 1629 debemus.
994 1588 1111 1629 Nam
1135 1597 1242 1638 tum,
1267 1589 1365 1628 cum
1402 1587 1445 1629 in
1475 1586 1582 1630 Asia
1618 1603 1679 1632 res

158 1656 332 1699 magnas
353 1643 544 1706 permulti
560 1643 802 1695 amiserunt,
822 1643 976 1685 scimus
990 1645 1155 1695 Romae,
1173 1644 1376 1710 solutione
1397 1644 1611 1698 impedita,
1633 1645 1682 1688 fi-

159 1699 255 1740 dem
276 1702 292 1727 ἥ
307 1698 552 1741 concidisse.
595 1702 697 1742 Non
713 1701 823 1742 enim
840 1711 1011 1756 possunt
1025 1701 1109 1742 una
1123 1701 1164 1741 in
1180 1701 1342 1744 civitate
1356 1701 1502 1743 multi
1518 1716 1602 1744 rem
1622 1713 1684 1746 at-
1699 1742 1703 1743 5

159 1770 240 1813 que
278 1756 461 1799 fortunas
492 1757 693 1811 amittere,
715 1759 796 1804 utk
816 1774 902 1801 non
924 1758 1072 1815 plureis
1093 1773 1233 1801 secum
1254 1759 1298 1800 in
1319 1759 1490 1803 eandem
1512 1759 1683 1803 calami-
1715 1784 1719 1785 ν

1556 1826 1685 1860 tateln

212 1910 230 1928 ²
246 1906 308 1955 qui
327 1906 524 1943 detulerwzt
531 1908 701 1952 fortunas
713 1915 745 1942 et
754 1906 938 1955 pecunias.
1065 1903 1082 1928 ¹³
1096 1907 1384 1944 existimavimus.

160 1956 176 1982 ‘¹
188 1958 370 2008 diligentes
382 1967 414 1994 et
425 1958 542 1994 labor
528 1960 608 1996 zosz'.
713 1964 727 1980 Ε
742 1959 1012 1997 multitudinem.
1118 1956 1133 1981 f
1148 1958 1312 1997 liberare.

130 2028 132 2031 ·
159 2010 314 2061 Rez'pub.
418 2007 513 2060 hpeae
515 2013 605 2049 iisse
712 2010 722 2035 ¹
743 2011 904 2050 divitias.
1010 2008 1029 2034 k
1041 2013 1137 2062 quin.

1507 1911 1522 1929 e
1533 1909 1688 1960 colligit.

1404 1963 1421 1989 ἓ
1440 1960 1463 1998 α’
1482 1961 1687 1999 calamitate

206 2119 237 2148 5.
251 2116 328 2148 Suas
341 2115 471 2147 rationes
474 2115 498 2156 .]
512 2115 548 2147 Id
564 2124 622 2154 est,
637 2115 720 2149 tanti
732 2115 905 2157 vectigalia

163 2161 359 2198 conducunt,
383 2169 419 2192 ut
435 2171 546 2191 omnes
568 2171 681 2194 eorum
706 2161 846 2194 fortunae
872 2161 904 2191 in

163 2205 377 2247 vectigalibus
391 2204 554 2236 collocatae
568 2205 650 2245 sint:
675 2217 739 2236 non
756 2206 842 2237 enim
856 2205 905 2235 in

163 2249 283 2291 telligit
310 2249 418 2280 literas
434 2258 466 2280 et
487 2242 612 2281 tabulas
633 2251 808 2287 rationum,
833 2259 907 2280 cum

164 2303 276 2325 omnes
291 2301 394 2324 essent
419 2294 545 2330 Romae,
561 2293 625 2336 quo
646 2295 687 2326 ad
702 2294 905 2337 Magistrum

163 2337 324 2370 societatis
338 2317 561 2368 mittebantui.

212 2382 259 2412 18.
277 2381 442 2412 Collocutus
451 2382 568 2412 habent.
572 2380 584 2419 ]
598 2380 694 2412 Cives
704 2379 906 2423 quampluri-

163 2425 211 2457 mi
236 2435 307 2457 snas
329 2425 475 2457 fortunas
497 2425 668 2457 collocatas
690 2425 851 2458 habebant
874 2425 907 2455 in

164 2468 290 2500 ratione
296 2469 667 2512 negotiatorum,quibus
676 2471 760 2501 male
770 2471 910 2506 cederet,

166 2513 193 2544 si
208 2523 258 2544 res
281 2523 344 2544 suae
359 2513 376 2543 ὲ
391 2512 647 2555 negotiatoribus
669 2514 906 2545 amitterentur.

167 2555 288 2588 Scribit
302 2556 503 2594 Plutarchus,
531 2558 563 2589 in
580 2557 731 2595 Lucullo,
747 2557 909 2589 infinitam

167 2599 201 2632 in
227 2599 307 2632 Asia
335 2601 586 2633 Publicanorum
611 2613 646 2633 ac
668 2602 910 2643 negotiatorum

167 2643 412 2677 multitudinem
418 2644 513 2677 fuisse
516 2645 701 2687 ‚quimisere
709 2645 910 2687 provinciam

167 2687 258 2720 illam
272 2688 439 2727 vexarunt,
447 2700 576 2731 eosque,
586 2698 718 2732 excepto
730 2690 910 2727 Senatorio,

169 2742 210 2764 ex
224 2731 313 2763 omni
325 2731 480 2765 ordinum
495 2743 624 2774 genere,
638 2734 693 2766 sed
707 2731 910 2783 potissimum

171 2775 312 2818 equestri
339 2774 455 2815 fuisse3
486 2786 524 2807 ex
547 2787 585 2808 eo
613 2778 700 2809 enim
730 2777 930 2817 decumani,

171 2827 325 2856 aratores,
368 2799 547 2861 publicani,
585 2822 754 2862 pascum-ii,
792 2821 911 2865 aliique

171 2862 405 2907 quamplurimi
421 2862 566 2895 extitere.

996 2116 1043 2148 14.
1051 2117 1175 2149 Civium.
1179 2115 1192 2141 Ἰ
1180 2116 1273 2161 Qi
1283 2117 1380 2151 etiam
1391 2118 1506 2150 Romae
1517 2118 1689 2164 degebant,

949 2171 1019 2191 suas
1043 2144 1192 2192 rationes
1209 2172 1283 2192 cum
1306 2163 1344 2194 iis
1340 2163 1419 2193 dem
1434 2164 1690 2206 negotiatoribus

949 2205 1202 2241 communicatas
1216 2204 1389 2237 habebant.

1000 2250 1418 2289 17.Red1mend1sacultas]
1444 2250 1610 2283 Publicani
1641 2252 1690 2283 di-

950 2301 1067 2325 cuntur
1082 2294 1240 2325 redimere
1257 2294 1439 2337 vectigalia,
1454 2305 1528 2327 cum
1543 2308 1580 2328 ex
1596 2305 1691 2338 pacto

951 2345 1046 2369 certae
1069 2337 1213 2380 pecuniae
1239 2348 1277 2369 ea
1294 2342 1321 2370 :1
1351 2339 1546 2371 censoribus
1572 2342 1692 2371 condu—

951 2389 1041 2418 cunt,
1056 2392 1127 2423 quae
1145 2386 1254 2424 postea
1270 2393 1326 2414 suo
1342 2382 1392 2413 vel
1404 2383 1489 2414 bono
1504 2383 1578 2416 vel
1571 2395 1695 2416 incom-

951 2426 1051 2457 modo
1075 2433 1149 2458 sunt
1179 2427 1342 2464 exacturi·
1370 2427 1529 2460 redimere
1554 2428 1640 2461 enim
1662 2436 1695 2460 et

953 2470 1131 2502 conducere
1147 2470 1233 2502 idem
1249 2478 1332 2503 sunt.

997 2514 1172 2547 20.1n1ci0
1197 2515 1291 2554 betti]
1309 2517 1452 2557 Tempus
1476 2514 1557 2548 illud
1572 2515 1692 2549 intelli-

954 2556 1015 2599 git,
1029 2569 1094 2600 quo
1111 2557 1323 2590 Mithridates
1338 2570 1395 2601 per
1411 2570 1570 2593 summam
1583 2561 1697 2594 erude-

954 2601 1080 2634 litatem
1094 2602 1184 2634 annis
1203 2607 1278 2635 ante
1294 2603 1412 2645 viginti
1436 2603 1539 2636 tribus
1553 2611 1604 2637 tot
1615 2605 1695 2636 civi-

955 2655 1010 2677 um
1028 2648 1252 2679 Romanorum
1269 2646 1372 2679 millia
1382 2648 1566 2681 trucidavit
1611 2650 1698 2682 Vide

956 2700 1069 2733 parag.
1081 2693 1111 2722 4.
1128 2690 1149 2723 l.
1164 2695 1196 2722 4.

999 2736 1051 2766 22.
1066 2734 1221 2765 Solutione
1235 2733 1383 2776 impedita.
1387 2735 1400 2778 ]
1416 2734 1500 2768 Cum
1519 2735 1567 2770 illi
1583 2735 1696 2769 Publi-

955 2777 1039 2814 cani‚
1052 2778 1108 2820 qui
1126 2778 1222 2810 occisi
1237 2786 1312 2810 sunt
1330 2778 1362 2810 in
1380 2780 1470 2819 Asia,
1487 2780 1610 2813 solvere
1630 2791 1697 2813 non

953 2822 1134 2863 :potuissent
1157 2821 1220 2854 suis
1242 2823 1465 2862 creditoribus.
1482 2825 1581 2858 etiarn
1604 2825 1700 2857 viein-

956 2865 1016 2897 sim
1032 2866 1147 2897 accidit
1162 2873 1198 2897 ut
1209 2865 1256 2898 illi
1269 2866 1395 2907 Romae,
1403 2869 1519 2911 quibus
1529 2868 1696 2912 pecuniam

1094 2910 1117 2940 F
1134 2910 1154 2939 2
1529 2913 1699 2952 debebant,
