<?xml version="1.0" encoding="UTF-8"?>
<!DOCTYPE html PUBLIC "-//W3C//DTD XHTML 1.0 Transitional//EN"
    "http://www.w3.org/TR/xhtml1/DTD/xhtml1-transitional.dtd">
<html xmlns="http://www.w3.org/1999/xhtml" xml:lang="en" lang="en">
 <head>
  <title>
</title>
<meta http-equiv="Content-Type" content="text/html;charset=utf-8" />
  <meta name='ocr-system' content='tesseract 3.04.00' />
  <meta name='ocr-capabilities' content='ocr_page ocr_carea ocr_par ocr_line ocrx_word'/>
</head>
<body>
  <div class='ocr_page' id='page_1' title='image "./orationesquaedam00ciceuoft/orationesquaedam00ciceuoft_0027.png"; bbox 0 0 1887 3083; ppageno 0'>
   <div class='ocr_carea' id='block_1_1' title="bbox 864 108 1751 172">
    <p class='ocr_par' dir='ltr' id='par_1_1' title="bbox 864 108 1751 172">
     <span class='ocr_line' id='line_1_1' title="bbox 864 108 1751 172; baseline 0 0"><span class='ocrx_word' id='word_1_1' title='bbox 864 128 1028 172; x_wconf 76' lang='lat' dir='ltr'>VITA.</span> <span class='ocrx_word' id='word_1_2' title='bbox 1411 108 1414 109; x_wconf 44' lang='lat'><em>⁷</em></span> <span class='ocrx_word' id='word_1_3' title='bbox 1698 146 1751 172; x_wconf 57' lang='lat' dir='ltr'>x»-</span> 
     </span>
    </p>
   </div>
   <div class='ocr_carea' id='block_1_2' title="bbox 140 237 1764 2850">
    <p class='ocr_par' dir='ltr' id='par_1_2' title="bbox 140 237 1764 2850">
     <span class='ocr_line' id='line_1_2' title="bbox 140 237 1749 291; baseline -0.003 -6"><span class='ocrx_word' id='word_1_4' title='bbox 140 242 230 286; x_wconf 90' lang='lat' dir='ltr'>Hic</span> <span class='ocrx_word' id='word_1_5' title='bbox 251 240 448 285; x_wconf 81' lang='lat' dir='ltr'>Catilinae</span> <span class='ocrx_word' id='word_1_6' title='bbox 469 238 556 282; x_wconf 89' lang='lat' dir='ltr'>dies</span> <span class='ocrx_word' id='word_1_7' title='bbox 576 237 770 291; x_wconf 86' lang='lat' dir='ltr'>exeundi,</span> <span class='ocrx_word' id='word_1_8' title='bbox 803 246 895 280; x_wconf 88' lang='lat' dir='ltr'>tum</span> <span class='ocrx_word' id='word_1_9' title='bbox 926 238 1084 281; x_wconf 85' lang='lat' dir='ltr'>caeteris</span> <span class='ocrx_word' id='word_1_10' title='bbox 1105 237 1301 280; x_wconf 87' lang='lat' dir='ltr'>manendi</span> <span class='ocrx_word' id='word_1_11' title='bbox 1324 238 1525 290; x_wconf 84' lang='lat' dir='ltr'>conditio,</span> <span class='ocrx_word' id='word_1_12' title='bbox 1558 249 1650 279; x_wconf 80' lang='lat' dir='ltr'>tum</span> <span class='ocrx_word' id='word_1_13' title='bbox 1676 240 1749 280; x_wconf 55' lang='lat' dir='ltr'>de.»</span> 
     </span>
     <span class='ocr_line' id='line_1_3' title="bbox 141 296 1747 356; baseline -0.002 -15"><span class='ocrx_word' id='word_1_14' title='bbox 141 299 310 356; x_wconf 88' lang='lat' dir='ltr'>scriptio</span> <span class='ocrx_word' id='word_1_15' title='bbox 340 313 413 356; x_wconf 90' lang='lat' dir='ltr'>per</span> <span class='ocrx_word' id='word_1_16' title='bbox 443 306 576 340; x_wconf 91' lang='lat' dir='ltr'>totam</span> <span class='ocrx_word' id='word_1_17' title='bbox 603 296 749 338; x_wconf 88' lang='lat' dir='ltr'>urbem</span> <span class='ocrx_word' id='word_1_18' title='bbox 783 297 909 338; x_wconf 87' lang='lat' dir='ltr'>caedis</span> <span class='ocrx_word' id='word_1_19' title='bbox 939 307 1060 354; x_wconf 88' lang='lat' dir='ltr'>atque</span> <span class='ocrx_word' id='word_1_20' title='bbox 1097 296 1386 338; x_wconf 79' lang='lat' dir='ltr'>incendiorum</span> <span class='ocrx_word' id='word_1_21' title='bbox 1410 296 1637 337; x_wconf 86' lang='lat' dir='ltr'>constituta</span> <span class='ocrx_word' id='word_1_22' title='bbox 1659 311 1747 338; x_wconf 85' lang='lat' dir='ltr'>est:</span> 
     </span>
     <span class='ocr_line' id='line_1_4' title="bbox 142 353 1753 414; baseline -0.004 -15"><span class='ocrx_word' id='word_1_23' title='bbox 142 356 247 414; x_wconf 88' lang='lat' dir='ltr'>quin</span> <span class='ocrx_word' id='word_1_24' title='bbox 278 357 404 399; x_wconf 85' lang='lat' dir='ltr'>etiarn</span> <span class='ocrx_word' id='word_1_25' title='bbox 433 355 494 397; x_wconf 90' lang='lat' dir='ltr'>ibi</span> <span class='ocrx_word' id='word_1_26' title='bbox 518 353 624 397; x_wconf 83' lang='lat' dir='ltr'>dixit</span> <span class='ocrx_word' id='word_1_27' title='bbox 645 354 830 397; x_wconf 80' lang='lat' dir='ltr'>Catilina</span> <span class='ocrx_word' id='word_1_28' title='bbox 849 354 1066 411; x_wconf 89' lang='lat' dir='ltr'>paululum</span> <span class='ocrx_word' id='word_1_29' title='bbox 1105 354 1181 396; x_wconf 82' lang='lat' dir='ltr'>sibi</span> <span class='ocrx_word' id='word_1_30' title='bbox 1209 369 1297 395; x_wconf 87' lang='lat' dir='ltr'>esse</span> <span class='ocrx_word' id='word_1_31' title='bbox 1323 354 1451 395; x_wconf 92' lang='lat' dir='ltr'>etiam</span> <span class='ocrx_word' id='word_1_32' title='bbox 1479 365 1570 395; x_wconf 86' lang='lat' dir='ltr'>tum</span> <span class='ocrx_word' id='word_1_33' title='bbox 1600 369 1753 408; x_wconf 48' lang='lat' dir='ltr'>morae,</span> 
     </span>
     <span class='ocr_line' id='line_1_5' title="bbox 140 411 1754 472; baseline -0.001 -16"><span class='ocrx_word' id='word_1_34' title='bbox 140 415 251 472; x_wconf 76' lang='lat' dir='ltr'>quod</span> <span class='ocrx_word' id='word_1_35' title='bbox 275 414 426 458; x_wconf 88' lang='lat' dir='ltr'>Cicero</span> <span class='ocrx_word' id='word_1_36' title='bbox 446 413 598 455; x_wconf 88' lang='lat' dir='ltr'>viveret</span> <span class='ocrx_word' id='word_1_37' title='bbox 617 428 625 454; x_wconf 91' lang='lat'>:</span> <span class='ocrx_word' id='word_1_38' title='bbox 664 411 810 469; x_wconf 87' lang='lat' dir='ltr'>reperti</span> <span class='ocrx_word' id='word_1_39' title='bbox 833 422 930 455; x_wconf 85' lang='lat' dir='ltr'>sunt</span> <span class='ocrx_word' id='word_1_40' title='bbox 949 413 1033 455; x_wconf 92' lang='lat' dir='ltr'>duo</span> <span class='ocrx_word' id='word_1_41' title='bbox 1053 412 1213 470; x_wconf 82' lang='lat' dir='ltr'>equites</span> <span class='ocrx_word' id='word_1_42' title='bbox 1245 411 1444 465; x_wconf 88' lang='lat' dir='ltr'>Romani,</span> <span class='ocrx_word' id='word_1_43' title='bbox 1479 411 1551 468; x_wconf 91' lang='lat' dir='ltr'>qui</span> <span class='ocrx_word' id='word_1_44' title='bbox 1574 426 1660 453; x_wconf 80' lang='lat' dir='ltr'>sese</span> <span class='ocrx_word' id='word_1_45' title='bbox 1682 411 1754 455; x_wconf 75' lang='lat' dir='ltr'>illa</span> 
     </span>
     <span class='ocr_line' id='line_1_6' title="bbox 140 469 1754 528; baseline -0.001 -13"><span class='ocrx_word' id='word_1_46' title='bbox 140 473 232 528; x_wconf 70' lang='lat' dir='ltr'>ipsa</span> <span class='ocrx_word' id='word_1_47' title='bbox 249 482 372 515; x_wconf 89' lang='lat' dir='ltr'>nocte</span> <span class='ocrx_word' id='word_1_48' title='bbox 392 471 518 528; x_wconf 80' lang='lat' dir='ltr'>paulo</span> <span class='ocrx_word' id='word_1_49' title='bbox 538 479 633 513; x_wconf 90' lang='lat' dir='ltr'>ante</span> <span class='ocrx_word' id='word_1_50' title='bbox 656 469 796 512; x_wconf 90' lang='lat' dir='ltr'>lucem</span> <span class='ocrx_word' id='word_1_51' title='bbox 825 470 1074 513; x_wconf 81' lang='lat' dir='ltr'>Ciceronem</span> <span class='ocrx_word' id='word_1_52' title='bbox 1100 472 1144 513; x_wconf 90' lang='lat' dir='ltr'>in</span> <span class='ocrx_word' id='word_1_53' title='bbox 1176 482 1251 512; x_wconf 87' lang='lat' dir='ltr'>suo</span> <span class='ocrx_word' id='word_1_54' title='bbox 1283 469 1436 512; x_wconf 91' lang='lat' dir='ltr'>lectulo</span> <span class='ocrx_word' id='word_1_55' title='bbox 1463 469 1754 513; x_wconf 81' lang='lat' dir='ltr'>interfecturos</span> 
     </span>
     <span class='ocr_line' id='line_1_7' title="bbox 140 527 1753 588; baseline -0.001 -16"><span class='ocrx_word' id='word_1_56' title='bbox 140 529 316 588; x_wconf 83' lang='lat' dir='ltr'>polliciti</span> <span class='ocrx_word' id='word_1_57' title='bbox 337 539 446 573; x_wconf 88' lang='lat' dir='ltr'>sunt.</span> <span class='ocrx_word' id='word_1_58' title='bbox 508 529 625 572; x_wconf 71' lang='lat' dir='ltr'>Cum</span> <span class='ocrx_word' id='word_1_59' title='bbox 646 538 784 570; x_wconf 90' lang='lat' dir='ltr'>autem</span> <span class='ocrx_word' id='word_1_60' title='bbox 807 528 957 570; x_wconf 91' lang='lat' dir='ltr'>Cicero</span> <span class='ocrx_word' id='word_1_61' title='bbox 977 529 1026 569; x_wconf 89' lang='lat' dir='ltr'>de</span> <span class='ocrx_word' id='word_1_62' title='bbox 1046 528 1142 569; x_wconf 92' lang='lat' dir='ltr'>dolo</span> <span class='ocrx_word' id='word_1_63' title='bbox 1162 528 1292 580; x_wconf 84' lang='lat' dir='ltr'>malo,</span> <span class='ocrx_word' id='word_1_64' title='bbox 1324 527 1397 585; x_wconf 91' lang='lat' dir='ltr'>qui</span> <span class='ocrx_word' id='word_1_65' title='bbox 1419 528 1653 584; x_wconf 85' lang='lat' dir='ltr'>parabatur,</span> <span class='ocrx_word' id='word_1_66' title='bbox 1681 527 1753 571; x_wconf 79' lang='lat' dir='ltr'>vix</span> 
     </span>
     <span class='ocr_line' id='line_1_8' title="bbox 141 584 1751 643; baseline -0.002 -13"><span class='ocrx_word' id='word_1_67' title='bbox 141 596 255 630; x_wconf 82' lang='lat' dir='ltr'>coetu</span> <span class='ocrx_word' id='word_1_68' title='bbox 276 588 466 639; x_wconf 91' lang='lat' dir='ltr'>dimisso,</span> <span class='ocrx_word' id='word_1_69' title='bbox 489 602 560 643; x_wconf 89' lang='lat' dir='ltr'>per</span> <span class='ocrx_word' id='word_1_70' title='bbox 576 585 766 629; x_wconf 83' lang='lat' dir='ltr'>Fulviam</span> <span class='ocrx_word' id='word_1_71' title='bbox 787 584 935 627; x_wconf 82' lang='lat' dir='ltr'>certior</span> <span class='ocrx_word' id='word_1_72' title='bbox 956 584 1088 627; x_wconf 87' lang='lat' dir='ltr'>factus</span> <span class='ocrx_word' id='word_1_73' title='bbox 1102 596 1222 637; x_wconf 87' lang='lat' dir='ltr'>esset,</span> <span class='ocrx_word' id='word_1_74' title='bbox 1244 586 1420 627; x_wconf 90' lang='lat' dir='ltr'>domurn</span> <span class='ocrx_word' id='word_1_75' title='bbox 1441 601 1559 628; x_wconf 87' lang='lat' dir='ltr'>suam</span> <span class='ocrx_word' id='word_1_76' title='bbox 1578 585 1751 641; x_wconf 76' lang='lat' dir='ltr'>majori-</span> 
     </span>
     <span class='ocr_line' id='line_1_9' title="bbox 140 642 1753 703; baseline 0 -15"><span class='ocrx_word' id='word_1_77' title='bbox 140 646 222 688; x_wconf 86' lang='lat' dir='ltr'>bus</span> <span class='ocrx_word' id='word_1_78' title='bbox 236 645 440 703; x_wconf 87' lang='lat' dir='ltr'>praesidiis</span> <span class='ocrx_word' id='word_1_79' title='bbox 454 644 651 694; x_wconf 84' lang='lat' dir='ltr'>munivit,</span> <span class='ocrx_word' id='word_1_80' title='bbox 667 658 745 684; x_wconf 90' lang='lat' dir='ltr'>nec</span> <span class='ocrx_word' id='word_1_81' title='bbox 757 658 827 684; x_wconf 90' lang='lat' dir='ltr'>eos</span> <span class='ocrx_word' id='word_1_82' title='bbox 841 642 1025 695; x_wconf 81' lang='lat' dir='ltr'>admisit,</span> <span class='ocrx_word' id='word_1_83' title='bbox 1039 658 1144 699; x_wconf 90' lang='lat' dir='ltr'>quos</span> <span class='ocrx_word' id='word_1_84' title='bbox 1160 642 1344 684; x_wconf 86' lang='lat' dir='ltr'>Catilina</span> <span class='ocrx_word' id='word_1_85' title='bbox 1355 643 1753 688; x_wconf 73' lang='lat' dir='ltr'>salutationiscausa</span> 
     </span>
     <span class='ocr_line' id='line_1_10' title="bbox 141 699 1750 746; baseline -0.001 0"><span class='ocrx_word' id='word_1_86' title='bbox 141 703 321 746; x_wconf 83' lang='lat' dir='ltr'>miserat.</span> <span class='ocrx_word' id='word_1_87' title='bbox 343 717 410 746; x_wconf 79' lang='lat' dir='ltr'>vr.</span> <span class='ocrx_word' id='word_1_88' title='bbox 443 703 542 744; x_wconf 87' lang='lat' dir='ltr'>Idus</span> <span class='ocrx_word' id='word_1_89' title='bbox 560 700 774 744; x_wconf 87' lang='lat' dir='ltr'>Novemb.</span> <span class='ocrx_word' id='word_1_90' title='bbox 807 701 1008 743; x_wconf 86' lang='lat' dir='ltr'>Senatum</span> <span class='ocrx_word' id='word_1_91' title='bbox 1031 701 1074 742; x_wconf 92' lang='lat' dir='ltr'>in</span> <span class='ocrx_word' id='word_1_92' title='bbox 1094 699 1212 743; x_wconf 87' lang='lat' dir='ltr'>Jovis</span> <span class='ocrx_word' id='word_1_93' title='bbox 1233 700 1406 742; x_wconf 87' lang='lat' dir='ltr'>Statoris</span> <span class='ocrx_word' id='word_1_94' title='bbox 1427 702 1560 744; x_wconf 79' lang='lat' dir='ltr'>aedem</span> <span class='ocrx_word' id='word_1_95' title='bbox 1590 716 1750 744; x_wconf 89' lang='lat' dir='ltr'>convo-</span> 
     </span>
     <span class='ocr_line' id='line_1_11' title="bbox 143 757 1753 818; baseline -0.002 -14"><span class='ocrx_word' id='word_1_96' title='bbox 143 761 269 814; x_wconf 84' lang='lat' dir='ltr'>cavit,</span> <span class='ocrx_word' id='word_1_97' title='bbox 290 763 379 818; x_wconf 73' lang='lat' dir='ltr'>quo</span> <span class='ocrx_word' id='word_1_98' title='bbox 394 758 519 802; x_wconf 86' lang='lat' dir='ltr'>etiam</span> <span class='ocrx_word' id='word_1_99' title='bbox 542 758 727 801; x_wconf 84' lang='lat' dir='ltr'>Catilina</span> <span class='ocrx_word' id='word_1_100' title='bbox 742 774 839 799; x_wconf 90' lang='lat' dir='ltr'>cum</span> <span class='ocrx_word' id='word_1_101' title='bbox 862 758 1021 801; x_wconf 83' lang='lat' dir='ltr'>caeteris</span> <span class='ocrx_word' id='word_1_102' title='bbox 1040 757 1179 800; x_wconf 88' lang='lat' dir='ltr'>venire</span> <span class='ocrx_word' id='word_1_103' title='bbox 1197 773 1321 800; x_wconf 88' lang='lat' dir='ltr'>ausus</span> <span class='ocrx_word' id='word_1_104' title='bbox 1341 769 1417 810; x_wconf 89' lang='lat' dir='ltr'>est,</span> <span class='ocrx_word' id='word_1_105' title='bbox 1440 760 1506 800; x_wconf 89' lang='lat' dir='ltr'>sed</span> <span class='ocrx_word' id='word_1_106' title='bbox 1523 759 1559 801; x_wconf 90' lang='lat' dir='ltr'>ei</span> <span class='ocrx_word' id='word_1_107' title='bbox 1576 760 1753 801; x_wconf 82' lang='lat' dir='ltr'>assidere</span> 
     </span>
     <span class='ocr_line' id='line_1_12' title="bbox 141 815 1752 874; baseline -0.001 -12"><span class='ocrx_word' id='word_1_108' title='bbox 141 835 271 862; x_wconf 85' lang='lat' dir='ltr'>nemo</span> <span class='ocrx_word' id='word_1_109' title='bbox 286 817 440 860; x_wconf 88' lang='lat' dir='ltr'>voluit:</span> <span class='ocrx_word' id='word_1_110' title='bbox 473 833 522 859; x_wconf 92' lang='lat' dir='ltr'>eo</span> <span class='ocrx_word' id='word_1_111' title='bbox 541 816 648 869; x_wconf 90' lang='lat' dir='ltr'>viso,</span> <span class='ocrx_word' id='word_1_112' title='bbox 671 817 755 858; x_wconf 88' lang='lat' dir='ltr'>sive</span> <span class='ocrx_word' id='word_1_113' title='bbox 773 817 862 874; x_wconf 89' lang='lat' dir='ltr'>ejus</span> <span class='ocrx_word' id='word_1_114' title='bbox 882 827 1098 873; x_wconf 88' lang='lat' dir='ltr'>aspectum</span> <span class='ocrx_word' id='word_1_115' title='bbox 1121 816 1283 859; x_wconf 87' lang='lat' dir='ltr'>Consul</span> <span class='ocrx_word' id='word_1_116' title='bbox 1306 815 1562 869; x_wconf 83' lang='lat' dir='ltr'>formidaret,</span> <span class='ocrx_word' id='word_1_117' title='bbox 1586 816 1670 858; x_wconf 89' lang='lat' dir='ltr'>sive</span> <span class='ocrx_word' id='word_1_118' title='bbox 1691 817 1752 860; x_wconf 64' lang='lat' dir='ltr'>ira</span> 
     </span>
     <span class='ocr_line' id='line_1_13' title="bbox 143 873 1752 932; baseline -0.001 -13"><span class='ocrx_word' id='word_1_119' title='bbox 143 885 491 928; x_wconf 81' lang='lat' dir='ltr'>commoveretur,</span> <span class='ocrx_word' id='word_1_120' title='bbox 509 875 620 917; x_wconf 88' lang='lat' dir='ltr'>hanc</span> <span class='ocrx_word' id='word_1_121' title='bbox 634 874 781 916; x_wconf 90' lang='lat' dir='ltr'>habuit</span> <span class='ocrx_word' id='word_1_122' title='bbox 797 874 842 917; x_wconf 91' lang='lat' dir='ltr'>in</span> <span class='ocrx_word' id='word_1_123' title='bbox 854 890 950 916; x_wconf 92' lang='lat' dir='ltr'>eum</span> <span class='ocrx_word' id='word_1_124' title='bbox 965 874 1215 927; x_wconf 89' lang='lat' dir='ltr'>orationem,</span> <span class='ocrx_word' id='word_1_125' title='bbox 1235 891 1329 932; x_wconf 85' lang='lat' dir='ltr'>quae</span> <span class='ocrx_word' id='word_1_126' title='bbox 1347 874 1483 931; x_wconf 88' lang='lat' dir='ltr'>prima</span> <span class='ocrx_word' id='word_1_127' title='bbox 1499 875 1588 932; x_wconf 84' lang='lat' dir='ltr'>ejus</span> <span class='ocrx_word' id='word_1_128' title='bbox 1604 873 1647 916; x_wconf 93' lang='lat' dir='ltr'>in</span> <span class='ocrx_word' id='word_1_129' title='bbox 1664 876 1752 918; x_wconf 88' lang='lat' dir='ltr'>Ca-</span> 
     </span>
     <span class='ocr_line' id='line_1_14' title="bbox 142 931 1753 989; baseline -0.001 -13"><span class='ocrx_word' id='word_1_130' title='bbox 142 933 309 977; x_wconf 80' lang='lat' dir='ltr'>tilinam</span> <span class='ocrx_word' id='word_1_131' title='bbox 332 943 468 977; x_wconf 83' lang='lat' dir='ltr'>extat:</span> <span class='ocrx_word' id='word_1_132' title='bbox 509 932 722 989; x_wconf 86' lang='lat' dir='ltr'>perculsus</span> <span class='ocrx_word' id='word_1_133' title='bbox 750 933 830 974; x_wconf 69' lang='lat' dir='ltr'>hac</span> <span class='ocrx_word' id='word_1_134' title='bbox 864 932 1051 975; x_wconf 90' lang='lat' dir='ltr'>oratione</span> <span class='ocrx_word' id='word_1_135' title='bbox 1081 931 1267 975; x_wconf 82' lang='lat' dir='ltr'>Catilina</span> <span class='ocrx_word' id='word_1_136' title='bbox 1293 943 1416 975; x_wconf 87' lang='lat' dir='ltr'>nocte</span> <span class='ocrx_word' id='word_1_137' title='bbox 1437 948 1535 974; x_wconf 90' lang='lat' dir='ltr'>cum</span> <span class='ocrx_word' id='word_1_138' title='bbox 1559 933 1753 975; x_wconf 82' lang='lat' dir='ltr'>trecentis</span> 
     </span>
     <span class='ocr_line' id='line_1_15' title="bbox 142 989 1755 1048; baseline -0.001 -14"><span class='ocrx_word' id='word_1_139' title='bbox 142 992 313 1035; x_wconf 85' lang='lat' dir='ltr'>armatis</span> <span class='ocrx_word' id='word_1_140' title='bbox 331 989 596 1044; x_wconf 89' lang='lat' dir='ltr'>hominibus,</span> <span class='ocrx_word' id='word_1_141' title='bbox 615 989 833 1032; x_wconf 88' lang='lat' dir='ltr'>lictoribus</span> <span class='ocrx_word' id='word_1_142' title='bbox 849 1000 889 1033; x_wconf 92' lang='lat' dir='ltr'>et</span> <span class='ocrx_word' id='word_1_143' title='bbox 908 990 1106 1043; x_wconf 86' lang='lat' dir='ltr'>fascibus,</span> <span class='ocrx_word' id='word_1_144' title='bbox 1127 989 1292 1047; x_wconf 90' lang='lat' dir='ltr'>imperii</span> <span class='ocrx_word' id='word_1_145' title='bbox 1313 990 1565 1048; x_wconf 84' lang='lat' dir='ltr'>insignibus,</span> <span class='ocrx_word' id='word_1_146' title='bbox 1586 1006 1635 1032; x_wconf 85' lang='lat' dir='ltr'>ex</span> <span class='ocrx_word' id='word_1_147' title='bbox 1651 992 1755 1034; x_wconf 87' lang='lat' dir='ltr'>urbe</span> 
     </span>
     <span class='ocr_line' id='line_1_16' title="bbox 141 1048 1754 1106; baseline -0.001 -13"><span class='ocrx_word' id='word_1_148' title='bbox 141 1050 188 1093; x_wconf 87' lang='lat' dir='ltr'>in</span> <span class='ocrx_word' id='word_1_149' title='bbox 205 1049 428 1093; x_wconf 89' lang='lat' dir='ltr'>Manliana</span> <span class='ocrx_word' id='word_1_150' title='bbox 443 1058 575 1092; x_wconf 89' lang='lat' dir='ltr'>castra</span> <span class='ocrx_word' id='word_1_151' title='bbox 590 1048 800 1106; x_wconf 87' lang='lat' dir='ltr'>profectus</span> <span class='ocrx_word' id='word_1_152' title='bbox 820 1057 894 1092; x_wconf 89' lang='lat' dir='ltr'>est.</span> <span class='ocrx_word' id='word_1_153' title='bbox 925 1050 991 1091; x_wconf 94' lang='lat' dir='ltr'>Eo</span> <span class='ocrx_word' id='word_1_154' title='bbox 1008 1049 1209 1105; x_wconf 88' lang='lat' dir='ltr'>profecto,</span> <span class='ocrx_word' id='word_1_155' title='bbox 1227 1049 1277 1091; x_wconf 89' lang='lat' dir='ltr'>ad</span> <span class='ocrx_word' id='word_1_156' title='bbox 1299 1049 1502 1104; x_wconf 86' lang='lat' dir='ltr'>populum</span> <span class='ocrx_word' id='word_1_157' title='bbox 1519 1048 1754 1092; x_wconf 88' lang='lat' dir='ltr'>orationem</span> 
     </span>
     <span class='ocr_line' id='line_1_17' title="bbox 141 1106 1752 1165; baseline 0.001 -16"><span class='ocrx_word' id='word_1_158' title='bbox 141 1108 306 1161; x_wconf 84' lang='lat' dir='ltr'>habuit,</span> <span class='ocrx_word' id='word_1_159' title='bbox 338 1109 384 1151; x_wconf 90' lang='lat' dir='ltr'>in</span> <span class='ocrx_word' id='word_1_160' title='bbox 415 1111 501 1165; x_wconf 74' lang='lat' dir='ltr'>qua</span> <span class='ocrx_word' id='word_1_161' title='bbox 518 1107 573 1160; x_wconf 87' lang='lat' dir='ltr'>ei,</span> <span class='ocrx_word' id='word_1_162' title='bbox 604 1117 645 1150; x_wconf 85' lang='lat' dir='ltr'>et</span> <span class='ocrx_word' id='word_1_163' title='bbox 665 1106 845 1164; x_wconf 87' lang='lat' dir='ltr'>Reipub.</span> <span class='ocrx_word' id='word_1_164' title='bbox 879 1108 1106 1165; x_wconf 86' lang='lat' dir='ltr'>gratulatus</span> <span class='ocrx_word' id='word_1_165' title='bbox 1128 1116 1206 1160; x_wconf 91' lang='lat' dir='ltr'>est,</span> <span class='ocrx_word' id='word_1_166' title='bbox 1228 1106 1341 1164; x_wconf 80' lang='lat' dir='ltr'>quod</span> <span class='ocrx_word' id='word_1_167' title='bbox 1365 1107 1549 1149; x_wconf 82' lang='lat' dir='ltr'>Catilina</span> <span class='ocrx_word' id='word_1_168' title='bbox 1569 1106 1752 1150; x_wconf 86' lang='lat' dir='ltr'>abiisset.</span> 
     </span>
     <span class='ocr_line' id='line_1_18' title="bbox 144 1162 1755 1224; baseline -0.001 -16"><span class='ocrx_word' id='word_1_169' title='bbox 144 1165 233 1209; x_wconf 89' lang='lat' dir='ltr'>Ubi</span> <span class='ocrx_word' id='word_1_170' title='bbox 256 1168 405 1210; x_wconf 80' lang='lat' dir='ltr'>Romae</span> <span class='ocrx_word' id='word_1_171' title='bbox 427 1165 648 1224; x_wconf 83' lang='lat' dir='ltr'>cognitum</span> <span class='ocrx_word' id='word_1_172' title='bbox 677 1175 738 1208; x_wconf 88' lang='lat' dir='ltr'>est</span> <span class='ocrx_word' id='word_1_173' title='bbox 765 1164 996 1208; x_wconf 85' lang='lat' dir='ltr'>Catilinam</span> <span class='ocrx_word' id='word_1_174' title='bbox 1025 1166 1076 1208; x_wconf 88' lang='lat' dir='ltr'>ad</span> <span class='ocrx_word' id='word_1_175' title='bbox 1105 1164 1326 1208; x_wconf 86' lang='lat' dir='ltr'>Manliana</span> <span class='ocrx_word' id='word_1_176' title='bbox 1356 1174 1488 1207; x_wconf 87' lang='lat' dir='ltr'>castra</span> <span class='ocrx_word' id='word_1_177' title='bbox 1518 1162 1755 1222; x_wconf 87' lang='lat' dir='ltr'>profectum</span> 
     </span>
     <span class='ocr_line' id='line_1_19' title="bbox 142 1222 1758 1281; baseline 0 -15"><span class='ocrx_word' id='word_1_178' title='bbox 142 1239 247 1277; x_wconf 83' lang='lat' dir='ltr'>esse,</span> <span class='ocrx_word' id='word_1_179' title='bbox 281 1240 378 1266; x_wconf 85' lang='lat' dir='ltr'>eum</span> <span class='ocrx_word' id='word_1_180' title='bbox 410 1239 510 1266; x_wconf 91' lang='lat' dir='ltr'>cum</span> <span class='ocrx_word' id='word_1_181' title='bbox 536 1222 706 1266; x_wconf 89' lang='lat' dir='ltr'>Manlio</span> <span class='ocrx_word' id='word_1_182' title='bbox 731 1223 903 1265; x_wconf 87' lang='lat' dir='ltr'>Senatus</span> <span class='ocrx_word' id='word_1_183' title='bbox 935 1224 1100 1266; x_wconf 89' lang='lat' dir='ltr'>hostem</span> <span class='ocrx_word' id='word_1_184' title='bbox 1120 1223 1264 1280; x_wconf 85' lang='lat' dir='ltr'>patriae</span> <span class='ocrx_word' id='word_1_185' title='bbox 1291 1223 1513 1281; x_wconf 88' lang='lat' dir='ltr'>judicavit,-</span> <span class='ocrx_word' id='word_1_186' title='bbox 1546 1223 1758 1280; x_wconf 83' lang='lat' dir='ltr'>edixitque</span> 
     </span>
     <span class='ocr_line' id='line_1_20' title="bbox 144 1281 1758 1334; baseline -0.001 -9"><span class='ocrx_word' id='word_1_187' title='bbox 144 1282 406 1325; x_wconf 84' lang='lat' dir='ltr'>Consulibus</span> <span class='ocrx_word' id='word_1_188' title='bbox 425 1281 486 1325; x_wconf 88' lang='lat' dir='ltr'>uti</span> <span class='ocrx_word' id='word_1_189' title='bbox 506 1282 711 1324; x_wconf 86' lang='lat' dir='ltr'>delectum</span> <span class='ocrx_word' id='word_1_190' title='bbox 732 1281 950 1334; x_wconf 89' lang='lat' dir='ltr'>haberent,</span> <span class='ocrx_word' id='word_1_191' title='bbox 970 1282 1187 1324; x_wconf 90' lang='lat' dir='ltr'>Antonius</span> <span class='ocrx_word' id='word_1_192' title='bbox 1206 1296 1305 1323; x_wconf 90' lang='lat' dir='ltr'>cum</span> <span class='ocrx_word' id='word_1_193' title='bbox 1327 1281 1505 1324; x_wconf 88' lang='lat' dir='ltr'>exercitu</span> <span class='ocrx_word' id='word_1_194' title='bbox 1525 1281 1758 1324; x_wconf 87' lang='lat' dir='ltr'>Catilinam</span> 
     </span>
     <span class='ocr_line' id='line_1_21' title="bbox 141 1338 1759 1399; baseline -0.001 -17"><span class='ocrx_word' id='word_1_195' title='bbox 141 1339 447 1399; x_wconf 80' lang='lat' dir='ltr'>insequeretur,</span> <span class='ocrx_word' id='word_1_196' title='bbox 480 1340 634 1383; x_wconf 85' lang='lat' dir='ltr'>Cicero</span> <span class='ocrx_word' id='word_1_197' title='bbox 666 1338 782 1382; x_wconf 87' lang='lat' dir='ltr'>urbis</span> <span class='ocrx_word' id='word_1_198' title='bbox 812 1340 1056 1396; x_wconf 68' lang='lat' dir='ltr'>praesidium</span> <span class='ocrx_word' id='word_1_199' title='bbox 1090 1338 1326 1396; x_wconf 86' lang='lat' dir='ltr'>susciperet.</span> <span class='ocrx_word' id='word_1_200' title='bbox 1389 1340 1504 1382; x_wconf 77' lang='lat' dir='ltr'>Cum</span> <span class='ocrx_word' id='word_1_201' title='bbox 1538 1349 1678 1382; x_wconf 87' lang='lat' dir='ltr'>autem</span> <span class='ocrx_word' id='word_1_202' title='bbox 1714 1339 1759 1381; x_wconf 89' lang='lat' dir='ltr'>in</span> 
     </span>
     <span class='ocr_line' id='line_1_22' title="bbox 142 1396 1760 1455; baseline -0.001 -14"><span class='ocrx_word' id='word_1_203' title='bbox 142 1398 245 1441; x_wconf 78' lang='lat' dir='ltr'>urbe</span> <span class='ocrx_word' id='word_1_204' title='bbox 275 1399 326 1441; x_wconf 90' lang='lat' dir='ltr'>de</span> <span class='ocrx_word' id='word_1_205' title='bbox 356 1397 482 1441; x_wconf 81' lang='lat' dir='ltr'>sociis</span> <span class='ocrx_word' id='word_1_206' title='bbox 512 1397 710 1441; x_wconf 81' lang='lat' dir='ltr'>Catilinae</span> <span class='ocrx_word' id='word_1_207' title='bbox 742 1398 934 1440; x_wconf 87' lang='lat' dir='ltr'>nondum</span> <span class='ocrx_word' id='word_1_208' title='bbox 959 1409 1224 1455; x_wconf 90' lang='lat' dir='ltr'>compertum</span> <span class='ocrx_word' id='word_1_209' title='bbox 1255 1405 1377 1448; x_wconf 88' lang='lat' dir='ltr'>esset,</span> <span class='ocrx_word' id='word_1_210' title='bbox 1409 1397 1558 1440; x_wconf 89' lang='lat' dir='ltr'>Cicero</span> <span class='ocrx_word' id='word_1_211' title='bbox 1588 1396 1760 1440; x_wconf 84' lang='lat' dir='ltr'>interim</span> 
     </span>
     <span class='ocr_line' id='line_1_23' title="bbox 143 1454 1758 1502; baseline -0.001 -3"><span class='ocrx_word' id='word_1_212' title='bbox 143 1457 390 1500; x_wconf 81' lang='lat' dir='ltr'>Muraenam</span> <span class='ocrx_word' id='word_1_213' title='bbox 412 1467 654 1500; x_wconf 89' lang='lat' dir='ltr'>accusatum</span> <span class='ocrx_word' id='word_1_214' title='bbox 676 1456 860 1499; x_wconf 67' lang='lat' dir='ltr'>ambitus</span> <span class='ocrx_word' id='word_1_215' title='bbox 881 1471 978 1498; x_wconf 90' lang='lat' dir='ltr'>cum</span> <span class='ocrx_word' id='word_1_216' title='bbox 999 1455 1232 1499; x_wconf 89' lang='lat' dir='ltr'>Hortensio</span> <span class='ocrx_word' id='word_1_217' title='bbox 1248 1454 1442 1498; x_wconf 89' lang='lat' dir='ltr'>defendit.</span> <span class='ocrx_word' id='word_1_218' title='bbox 1503 1455 1605 1502; x_wconf 72' lang='lat' dir='ltr'>Qua</span> <span class='ocrx_word' id='word_1_219' title='bbox 1619 1455 1664 1497; x_wconf 83' lang='lat' dir='ltr'>in</span> <span class='ocrx_word' id='word_1_220' title='bbox 1684 1456 1758 1498; x_wconf 85' lang='lat' dir='ltr'>de-</span> 
     </span>
     <span class='ocr_line' id='line_1_24' title="bbox 147 1513 1759 1573; baseline 0.001 -17"><span class='ocrx_word' id='word_1_221' title='bbox 147 1514 334 1557; x_wconf 86' lang='lat' dir='ltr'>fensione</span> <span class='ocrx_word' id='word_1_222' title='bbox 360 1515 398 1557; x_wconf 83' lang='lat' dir='ltr'>ei</span> <span class='ocrx_word' id='word_1_223' title='bbox 427 1514 508 1557; x_wconf 84' lang='lat' dir='ltr'>fuit</span> <span class='ocrx_word' id='word_1_224' title='bbox 541 1514 727 1567; x_wconf 89' lang='lat' dir='ltr'>inferior,</span> <span class='ocrx_word' id='word_1_225' title='bbox 759 1522 850 1556; x_wconf 90' lang='lat' dir='ltr'>tum</span> <span class='ocrx_word' id='word_1_226' title='bbox 882 1524 1049 1572; x_wconf 88' lang='lat' dir='ltr'>propter</span> <span class='ocrx_word' id='word_1_227' title='bbox 1078 1513 1241 1573; x_wconf 89' lang='lat' dir='ltr'>vigilias</span> <span class='ocrx_word' id='word_1_228' title='bbox 1274 1513 1427 1567; x_wconf 89' lang='lat' dir='ltr'>noctis,</span> <span class='ocrx_word' id='word_1_229' title='bbox 1457 1514 1577 1571; x_wconf 87' lang='lat' dir='ltr'>cujus</span> <span class='ocrx_word' id='word_1_230' title='bbox 1598 1514 1759 1557; x_wconf 86' lang='lat' dir='ltr'>nullam</span> 
     </span>
     <span class='ocr_line' id='line_1_25' title="bbox 148 1571 1700 1630; baseline -0.001 -15"><span class='ocrx_word' id='word_1_231' title='bbox 148 1582 308 1629; x_wconf 81' lang='lat' dir='ltr'>partem</span> <span class='ocrx_word' id='word_1_232' title='bbox 325 1573 551 1630; x_wconf 87' lang='lat' dir='ltr'>quieverat,</span> <span class='ocrx_word' id='word_1_233' title='bbox 570 1582 661 1614; x_wconf 87' lang='lat' dir='ltr'>tum</span> <span class='ocrx_word' id='word_1_234' title='bbox 677 1582 843 1629; x_wconf 87' lang='lat' dir='ltr'>propter</span> <span class='ocrx_word' id='word_1_235' title='bbox 859 1587 994 1624; x_wconf 86' lang='lat' dir='ltr'>curas,</span> <span class='ocrx_word' id='word_1_236' title='bbox 1015 1571 1173 1630; x_wconf 85' lang='lat' dir='ltr'>quibus</span> <span class='ocrx_word' id='word_1_237' title='bbox 1190 1571 1402 1616; x_wconf 87' lang='lat' dir='ltr'>continuis</span> <span class='ocrx_word' id='word_1_238' title='bbox 1423 1573 1700 1629; x_wconf 85' lang='lat' dir='ltr'>premebatur.</span> 
     </span>
     <span class='ocr_line' id='line_1_26' title="bbox 206 1629 1759 1689; baseline 0.001 -17"><span class='ocrx_word' id='word_1_239' title='bbox 206 1631 332 1672; x_wconf 72' lang='lat' dir='ltr'>Forte</span> <span class='ocrx_word' id='word_1_240' title='bbox 362 1630 443 1672; x_wconf 89' lang='lat' dir='ltr'>illis</span> <span class='ocrx_word' id='word_1_241' title='bbox 463 1630 722 1686; x_wconf 85' lang='lat' dir='ltr'>temporibus</span> <span class='ocrx_word' id='word_1_242' title='bbox 743 1629 864 1688; x_wconf 84' lang='lat' dir='ltr'>legati</span> <span class='ocrx_word' id='word_1_243' title='bbox 885 1630 1169 1689; x_wconf 85' lang='lat' dir='ltr'>Allobrogum</span> <span class='ocrx_word' id='word_1_244' title='bbox 1190 1633 1371 1674; x_wconf 88' lang='lat' dir='ltr'>Romam</span> <span class='ocrx_word' id='word_1_245' title='bbox 1393 1641 1612 1682; x_wconf 85' lang='lat' dir='ltr'>venerunt,</span> <span class='ocrx_word' id='word_1_246' title='bbox 1643 1642 1688 1672; x_wconf 85' lang='lat' dir='ltr'>ut</span> <span class='ocrx_word' id='word_1_247' title='bbox 1708 1630 1759 1673; x_wconf 87' lang='lat' dir='ltr'>de</span> 
     </span>
     <span class='ocr_line' id='line_1_27' title="bbox 146 1687 1760 1746; baseline 0 -16"><span class='ocrx_word' id='word_1_248' title='bbox 146 1702 318 1731; x_wconf 86' lang='lat' dir='ltr'>suorum</span> <span class='ocrx_word' id='word_1_249' title='bbox 356 1687 686 1746; x_wconf 85' lang='lat' dir='ltr'>Magistratuum</span> <span class='ocrx_word' id='word_1_250' title='bbox 721 1687 891 1730; x_wconf 72' lang='lat' dir='ltr'>avaritia</span> <span class='ocrx_word' id='word_1_251' title='bbox 930 1699 1209 1746; x_wconf 87' lang='lat' dir='ltr'>quererentur.</span> <span class='ocrx_word' id='word_1_252' title='bbox 1273 1687 1338 1730; x_wconf 92' lang='lat' dir='ltr'>Illi</span> <span class='ocrx_word' id='word_1_253' title='bbox 1375 1689 1401 1730; x_wconf 74' lang='lat' dir='ltr'>a</span> <span class='ocrx_word' id='word_1_254' title='bbox 1438 1688 1545 1732; x_wconf 89' lang='lat' dir='ltr'>Pub.</span> <span class='ocrx_word' id='word_1_255' title='bbox 1576 1688 1760 1731; x_wconf 82' lang='lat' dir='ltr'>Lentulo</span> 
     </span>
     <span class='ocr_line' id='line_1_28' title="bbox 145 1745 1761 1805; baseline 0 -17"><span class='ocrx_word' id='word_1_256' title='bbox 145 1746 253 1789; x_wconf 71' lang='lat' dir='ltr'>Sura</span> <span class='ocrx_word' id='word_1_257' title='bbox 274 1745 467 1789; x_wconf 85' lang='lat' dir='ltr'>solicitati</span> <span class='ocrx_word' id='word_1_258' title='bbox 498 1757 614 1799; x_wconf 88' lang='lat' dir='ltr'>sunt,</span> <span class='ocrx_word' id='word_1_259' title='bbox 644 1757 684 1788; x_wconf 88' lang='lat' dir='ltr'>et</span> <span class='ocrx_word' id='word_1_260' title='bbox 704 1746 754 1788; x_wconf 89' lang='lat' dir='ltr'>ad</span> <span class='ocrx_word' id='word_1_261' title='bbox 776 1761 872 1788; x_wconf 87' lang='lat' dir='ltr'>suos</span> <span class='ocrx_word' id='word_1_262' title='bbox 892 1746 1052 1788; x_wconf 85' lang='lat' dir='ltr'>remissi</span> <span class='ocrx_word' id='word_1_263' title='bbox 1070 1762 1168 1789; x_wconf 90' lang='lat' dir='ltr'>cum</span> <span class='ocrx_word' id='word_1_264' title='bbox 1190 1746 1332 1789; x_wconf 85' lang='lat' dir='ltr'>literis.</span> <span class='ocrx_word' id='word_1_265' title='bbox 1394 1747 1456 1790; x_wconf 89' lang='lat' dir='ltr'>Re</span> <span class='ocrx_word' id='word_1_266' title='bbox 1489 1746 1658 1805; x_wconf 75' lang='lat' dir='ltr'>cognita</span> <span class='ocrx_word' id='word_1_267' title='bbox 1689 1762 1761 1804; x_wconf 86' lang='lat' dir='ltr'>per</span> 
     </span>
     <span class='ocr_line' id='line_1_29' title="bbox 147 1803 1758 1863; baseline 0 -15"><span class='ocrx_word' id='word_1_268' title='bbox 147 1805 209 1848; x_wconf 75' lang='lat' dir='ltr'>Q.</span> <span class='ocrx_word' id='word_1_269' title='bbox 233 1803 411 1848; x_wconf 87' lang='lat' dir='ltr'>Fabium</span> <span class='ocrx_word' id='word_1_270' title='bbox 433 1805 635 1862; x_wconf 85' lang='lat' dir='ltr'>Sangam,</span> <span class='ocrx_word' id='word_1_271' title='bbox 658 1804 728 1861; x_wconf 87' lang='lat' dir='ltr'>qui</span> <span class='ocrx_word' id='word_1_272' title='bbox 750 1804 1052 1863; x_wconf 86' lang='lat' dir='ltr'>Allobrogibus</span> <span class='ocrx_word' id='word_1_273' title='bbox 1069 1806 1218 1848; x_wconf 86' lang='lat' dir='ltr'>Romae</span> <span class='ocrx_word' id='word_1_274' title='bbox 1233 1803 1583 1862; x_wconf 87' lang='lat' dir='ltr'>patrocinabatur,</span> <span class='ocrx_word' id='word_1_275' title='bbox 1607 1804 1758 1848; x_wconf 88' lang='lat' dir='ltr'>Cicero</span> 
     </span>
     <span class='ocr_line' id='line_1_30' title="bbox 145 1862 1759 1920; baseline 0.001 -16"><span class='ocrx_word' id='word_1_276' title='bbox 145 1863 195 1904; x_wconf 94' lang='lat' dir='ltr'>L.</span> <span class='ocrx_word' id='word_1_277' title='bbox 218 1862 387 1906; x_wconf 90' lang='lat' dir='ltr'>Valerio</span> <span class='ocrx_word' id='word_1_278' title='bbox 402 1863 569 1915; x_wconf 84' lang='lat' dir='ltr'>Flacco,</span> <span class='ocrx_word' id='word_1_279' title='bbox 592 1874 632 1906; x_wconf 90' lang='lat' dir='ltr'>et</span> <span class='ocrx_word' id='word_1_280' title='bbox 649 1863 700 1905; x_wconf 85' lang='lat' dir='ltr'>C.</span> <span class='ocrx_word' id='word_1_281' title='bbox 718 1862 944 1919; x_wconf 89' lang='lat' dir='ltr'>Pomptino</span> <span class='ocrx_word' id='word_1_282' title='bbox 967 1863 1221 1906; x_wconf 84' lang='lat' dir='ltr'>Praetoribus</span> <span class='ocrx_word' id='word_1_283' title='bbox 1241 1862 1474 1920; x_wconf 88' lang='lat' dir='ltr'>imperavit,</span> <span class='ocrx_word' id='word_1_284' title='bbox 1498 1873 1543 1905; x_wconf 91' lang='lat' dir='ltr'>ut</span> <span class='ocrx_word' id='word_1_285' title='bbox 1561 1863 1608 1906; x_wconf 91' lang='lat' dir='ltr'>in</span> <span class='ocrx_word' id='word_1_286' title='bbox 1626 1864 1759 1906; x_wconf 80' lang='lat' dir='ltr'>Ponte</span> 
     </span>
     <span class='ocr_line' id='line_1_31' title="bbox 146 1919 1756 1980; baseline 0.001 -18"><span class='ocrx_word' id='word_1_287' title='bbox 146 1919 303 1963; x_wconf 86' lang='lat' dir='ltr'>Milvio</span> <span class='ocrx_word' id='word_1_288' title='bbox 324 1922 482 1980; x_wconf 87' lang='lat' dir='ltr'>legatos</span> <span class='ocrx_word' id='word_1_289' title='bbox 501 1919 594 1963; x_wconf 90' lang='lat' dir='ltr'>illos</span> <span class='ocrx_word' id='word_1_290' title='bbox 618 1922 1034 1978; x_wconf 86' lang='lat' dir='ltr'>comprehenderent,</span> <span class='ocrx_word' id='word_1_291' title='bbox 1068 1937 1175 1979; x_wconf 92' lang='lat' dir='ltr'>quos</span> <span class='ocrx_word' id='word_1_292' title='bbox 1203 1936 1373 1964; x_wconf 91' lang='lat' dir='ltr'>summo</span> <span class='ocrx_word' id='word_1_293' title='bbox 1404 1936 1529 1963; x_wconf 90' lang='lat' dir='ltr'>mane</span> <span class='ocrx_word' id='word_1_294' title='bbox 1560 1921 1610 1963; x_wconf 93' lang='lat' dir='ltr'>ad</span> <span class='ocrx_word' id='word_1_295' title='bbox 1634 1921 1756 1964; x_wconf 91' lang='lat' dir='ltr'>Con-</span> 
     </span>
     <span class='ocr_line' id='line_1_32' title="bbox 145 1978 1757 2037; baseline 0 -16"><span class='ocrx_word' id='word_1_296' title='bbox 145 1978 282 2021; x_wconf 78' lang='lat' dir='ltr'>s⁴ulem</span> <span class='ocrx_word' id='word_1_297' title='bbox 306 1995 405 2022; x_wconf 90' lang='lat' dir='ltr'>cum</span> <span class='ocrx_word' id='word_1_298' title='bbox 426 1978 553 2021; x_wconf 90' lang='lat' dir='ltr'>literis</span> <span class='ocrx_word' id='word_1_299' title='bbox 573 1979 846 2022; x_wconf 84' lang='lat' dir='ltr'>deduxerunt.</span> <span class='ocrx_word' id='word_1_300' title='bbox 880 1990 950 2022; x_wconf 81' lang='lat'>111.</span> <span class='ocrx_word' id='word_1_301' title='bbox 981 1980 1132 2023; x_wconf 91' lang='lat' dir='ltr'>Nonas</span> <span class='ocrx_word' id='word_1_302' title='bbox 1161 1979 1312 2023; x_wconf 91' lang='lat' dir='ltr'>Cicero</span> <span class='ocrx_word' id='word_1_303' title='bbox 1333 1978 1540 2037; x_wconf 86' lang='lat' dir='ltr'>principes</span> <span class='ocrx_word' id='word_1_304' title='bbox 1561 1980 1757 2037; x_wconf 85' lang='lat' dir='ltr'>conjura-</span> 
     </span>
     <span class='ocr_line' id='line_1_33' title="bbox 145 2037 1758 2094; baseline 0.001 -16"><span class='ocrx_word' id='word_1_305' title='bbox 145 2037 276 2079; x_wconf 84' lang='lat' dir='ltr'>tionis</span> <span class='ocrx_word' id='word_1_306' title='bbox 294 2038 343 2080; x_wconf 93' lang='lat' dir='ltr'>ad</span> <span class='ocrx_word' id='word_1_307' title='bbox 362 2053 403 2080; x_wconf 91' lang='lat' dir='ltr'>se</span> <span class='ocrx_word' id='word_1_308' title='bbox 418 2037 557 2080; x_wconf 88' lang='lat' dir='ltr'>venire</span> <span class='ocrx_word' id='word_1_309' title='bbox 568 2037 711 2094; x_wconf 87' lang='lat' dir='ltr'>jussit,</span> <span class='ocrx_word' id='word_1_310' title='bbox 745 2047 974 2080; x_wconf 84' lang='lat' dir='ltr'>convocato</span> <span class='ocrx_word' id='word_1_311' title='bbox 993 2037 1038 2080; x_wconf 91' lang='lat' dir='ltr'>in</span> <span class='ocrx_word' id='word_1_312' title='bbox 1059 2039 1193 2081; x_wconf 85' lang='lat' dir='ltr'>aedem</span> <span class='ocrx_word' id='word_1_313' title='bbox 1216 2037 1468 2081; x_wconf 84' lang='lat' dir='ltr'>Concordiae</span> <span class='ocrx_word' id='word_1_314' title='bbox 1489 2039 1662 2090; x_wconf 87' lang='lat' dir='ltr'>Senatu,</span> <span class='ocrx_word' id='word_1_315' title='bbox 1687 2037 1758 2080; x_wconf 86' lang='lat' dir='ltr'>ubi</span> 
     </span>
     <span class='ocr_line' id='line_1_34' title="bbox 144 2095 1756 2154; baseline -0.001 -16"><span class='ocrx_word' id='word_1_316' title='bbox 144 2095 195 2138; x_wconf 90' lang='lat' dir='ltr'>T.</span> <span class='ocrx_word' id='word_1_317' title='bbox 216 2095 443 2149; x_wconf 84' lang='lat' dir='ltr'>Vulturcii,</span> <span class='ocrx_word' id='word_1_318' title='bbox 465 2105 506 2138; x_wconf 90' lang='lat' dir='ltr'>et</span> <span class='ocrx_word' id='word_1_319' title='bbox 523 2095 804 2154; x_wconf 85' lang='lat' dir='ltr'>Allobrogum</span> <span class='ocrx_word' id='word_1_320' title='bbox 826 2095 992 2138; x_wconf 87' lang='lat' dir='ltr'>indiciis</span> <span class='ocrx_word' id='word_1_321' title='bbox 1024 2096 1166 2139; x_wconf 90' lang='lat' dir='ltr'>omnis</span> <span class='ocrx_word' id='word_1_322' title='bbox 1186 2095 1390 2154; x_wconf 84' lang='lat' dir='ltr'>patefacta</span> <span class='ocrx_word' id='word_1_323' title='bbox 1419 2105 1479 2138; x_wconf 89' lang='lat' dir='ltr'>est</span> <span class='ocrx_word' id='word_1_324' title='bbox 1507 2095 1756 2153; x_wconf 86' lang='lat' dir='ltr'>conjuratio.</span> 
     </span>
     <span class='ocr_line' id='line_1_35' title="bbox 149 2152 1759 2212; baseline 0.001 -17"><span class='ocrx_word' id='word_1_325' title='bbox 149 2152 382 2196; x_wconf 88' lang='lat' dir='ltr'>Introducti</span> <span class='ocrx_word' id='word_1_326' title='bbox 405 2154 567 2197; x_wconf 84' lang='lat' dir='ltr'>suntin</span> <span class='ocrx_word' id='word_1_327' title='bbox 588 2155 808 2206; x_wconf 88' lang='lat' dir='ltr'>Senatum,</span> <span class='ocrx_word' id='word_1_328' title='bbox 841 2153 1140 2212; x_wconf 86' lang='lat' dir='ltr'>constitutique</span> <span class='ocrx_word' id='word_1_329' title='bbox 1172 2164 1349 2212; x_wconf 86' lang='lat' dir='ltr'>quatuor</span> <span class='ocrx_word' id='word_1_330' title='bbox 1382 2154 1458 2197; x_wconf 87' lang='lat' dir='ltr'>viri</span> <span class='ocrx_word' id='word_1_331' title='bbox 1491 2169 1650 2212; x_wconf 87' lang='lat' dir='ltr'>graves,</span> <span class='ocrx_word' id='word_1_332' title='bbox 1684 2155 1759 2211; x_wconf 90' lang='lat' dir='ltr'>qui</span> 
     </span>
     <span class='ocr_line' id='line_1_36' title="bbox 148 2211 1759 2271; baseline 0.001 -18"><span class='ocrx_word' id='word_1_333' title='bbox 148 2211 296 2255; x_wconf 82' lang='lat' dir='ltr'>omnia</span> <span class='ocrx_word' id='word_1_334' title='bbox 325 2211 516 2255; x_wconf 86' lang='lat' dir='ltr'>indicum</span> <span class='ocrx_word' id='word_1_335' title='bbox 536 2211 664 2265; x_wconf 78' lang='lat' dir='ltr'>dicta,</span> <span class='ocrx_word' id='word_1_336' title='bbox 698 2213 964 2271; x_wconf 85' lang='lat' dir='ltr'>interrogata,</span> <span class='ocrx_word' id='word_1_337' title='bbox 996 2223 1036 2255; x_wconf 93' lang='lat' dir='ltr'>et</span> <span class='ocrx_word' id='word_1_338' title='bbox 1058 2228 1255 2270; x_wconf 87' lang='lat' dir='ltr'>responsa</span> <span class='ocrx_word' id='word_1_339' title='bbox 1274 2212 1584 2270; x_wconf 85' lang='lat' dir='ltr'>perscriberent.</span> <span class='ocrx_word' id='word_1_340' title='bbox 1643 2213 1759 2254; x_wconf 91' lang='lat' dir='ltr'>Tum</span> 
     </span>
     <span class='ocr_line' id='line_1_37' title="bbox 148 2270 1755 2328; baseline 0 -17"><span class='ocrx_word' id='word_1_341' title='bbox 148 2270 377 2324; x_wconf 86' lang='lat' dir='ltr'>Lentulus,</span> <span class='ocrx_word' id='word_1_342' title='bbox 411 2272 643 2328; x_wconf 81' lang='lat' dir='ltr'>Cethegus,</span> <span class='ocrx_word' id='word_1_343' title='bbox 678 2270 878 2323; x_wconf 80' lang='lat' dir='ltr'>Statilius,</span> <span class='ocrx_word' id='word_1_344' title='bbox 913 2270 1140 2324; x_wconf 86' lang='lat' dir='ltr'>Gabinius,</span> <span class='ocrx_word' id='word_1_345' title='bbox 1174 2282 1215 2314; x_wconf 89' lang='lat' dir='ltr'>et</span> <span class='ocrx_word' id='word_1_346' title='bbox 1231 2270 1450 2327; x_wconf 89' lang='lat' dir='ltr'>Ceparius,</span> <span class='ocrx_word' id='word_1_347' title='bbox 1482 2286 1530 2312; x_wconf 89' lang='lat' dir='ltr'>ex</span> <span class='ocrx_word' id='word_1_348' title='bbox 1553 2271 1755 2312; x_wconf 87' lang='lat' dir='ltr'>Senatus-</span> 
     </span>
     <span class='ocr_line' id='line_1_38' title="bbox 148 2327 1758 2372; baseline 0.001 -3"><span class='ocrx_word' id='word_1_349' title='bbox 148 2328 343 2371; x_wconf 82' lang='lat' dir='ltr'>consulto</span> <span class='ocrx_word' id='word_1_350' title='bbox 375 2328 420 2372; x_wconf 86' lang='lat' dir='ltr'>in</span> <span class='ocrx_word' id='word_1_351' title='bbox 452 2329 685 2371; x_wconf 84' lang='lat' dir='ltr'>custodiam</span> <span class='ocrx_word' id='word_1_352' title='bbox 717 2328 853 2371; x_wconf 78' lang='lat' dir='ltr'>traditi</span> <span class='ocrx_word' id='word_1_353' title='bbox 886 2339 996 2371; x_wconf 89' lang='lat' dir='ltr'>sunt.</span> <span class='ocrx_word' id='word_1_354' title='bbox 1058 2331 1122 2372; x_wconf 93' lang='lat' dir='ltr'>Eo</span> <span class='ocrx_word' id='word_1_355' title='bbox 1154 2329 1222 2371; x_wconf 89' lang='lat' dir='ltr'>die</span> <span class='ocrx_word' id='word_1_356' title='bbox 1255 2331 1432 2372; x_wconf 87' lang='lat' dir='ltr'>Senatus</span> <span class='ocrx_word' id='word_1_357' title='bbox 1465 2327 1758 2371; x_wconf 82' lang='lat' dir='ltr'>testimonium</span> 
     </span>
     <span class='ocr_line' id='line_1_39' title="bbox 148 2386 1759 2445; baseline -0.001 -17"><span class='ocrx_word' id='word_1_358' title='bbox 148 2397 401 2430; x_wconf 85' lang='lat' dir='ltr'>conservatae</span> <span class='ocrx_word' id='word_1_359' title='bbox 421 2387 542 2444; x_wconf 83' lang='lat' dir='ltr'>Reip.</span> <span class='ocrx_word' id='word_1_360' title='bbox 577 2387 775 2430; x_wconf 85' lang='lat' dir='ltr'>Ciceroni</span> <span class='ocrx_word' id='word_1_361' title='bbox 797 2387 925 2440; x_wconf 86' lang='lat' dir='ltr'>dedit,</span> <span class='ocrx_word' id='word_1_362' title='bbox 957 2388 1071 2445; x_wconf 91' lang='lat' dir='ltr'>quod</span> <span class='ocrx_word' id='word_1_363' title='bbox 1093 2386 1255 2430; x_wconf 90' lang='lat' dir='ltr'>nemini</span> <span class='ocrx_word' id='word_1_364' title='bbox 1276 2389 1478 2430; x_wconf 88' lang='lat' dir='ltr'>hactenus</span> <span class='ocrx_word' id='word_1_365' title='bbox 1507 2400 1759 2428; x_wconf 83' lang='lat' dir='ltr'>concessum</span> 
     </span>
     <span class='ocr_line' id='line_1_40' title="bbox 146 2443 1759 2504; baseline 0.001 -19"><span class='ocrx_word' id='word_1_366' title='bbox 146 2453 248 2497; x_wconf 81' lang='lat' dir='ltr'>erat,</span> <span class='ocrx_word' id='word_1_367' title='bbox 294 2454 335 2488; x_wconf 90' lang='lat' dir='ltr'>et</span> <span class='ocrx_word' id='word_1_368' title='bbox 364 2445 682 2503; x_wconf 86' lang='lat' dir='ltr'>supplicationis</span> <span class='ocrx_word' id='word_1_369' title='bbox 720 2461 867 2504; x_wconf 86' lang='lat' dir='ltr'>genere</span> <span class='ocrx_word' id='word_1_370' title='bbox 907 2445 1106 2503; x_wconf 87' lang='lat' dir='ltr'>singulari</span> <span class='ocrx_word' id='word_1_371' title='bbox 1144 2446 1320 2489; x_wconf 89' lang='lat' dir='ltr'>deorum</span> <span class='ocrx_word' id='word_1_372' title='bbox 1357 2445 1514 2502; x_wconf 88' lang='lat' dir='ltr'>templa</span> <span class='ocrx_word' id='word_1_373' title='bbox 1549 2443 1759 2501; x_wconf 83' lang='lat' dir='ltr'>patefecit.</span> 
     </span>
     <span class='ocr_line' id='line_1_41' title="bbox 147 2501 1758 2561; baseline 0.001 -18"><span class='ocrx_word' id='word_1_374' title='bbox 147 2501 239 2545; x_wconf 75' lang='lat' dir='ltr'>Sub</span> <span class='ocrx_word' id='word_1_375' title='bbox 275 2513 445 2546; x_wconf 83' lang='lat' dir='ltr'>noctem</span> <span class='ocrx_word' id='word_1_376' title='bbox 483 2504 732 2546; x_wconf 87' lang='lat' dir='ltr'>concionem</span> <span class='ocrx_word' id='word_1_377' title='bbox 765 2503 914 2546; x_wconf 85' lang='lat' dir='ltr'>habuit</span> <span class='ocrx_word' id='word_1_378' title='bbox 945 2505 993 2546; x_wconf 93' lang='lat' dir='ltr'>ad</span> <span class='ocrx_word' id='word_1_379' title='bbox 1031 2504 1256 2561; x_wconf 87' lang='lat' dir='ltr'>populum,</span> <span class='ocrx_word' id='word_1_380' title='bbox 1289 2503 1363 2561; x_wconf 89' lang='lat' dir='ltr'>qui</span> <span class='ocrx_word' id='word_1_381' title='bbox 1386 2503 1580 2560; x_wconf 86' lang='lat' dir='ltr'>frequens</span> <span class='ocrx_word' id='word_1_382' title='bbox 1603 2502 1758 2555; x_wconf 80' lang='lat' dir='ltr'>aderat,</span> 
     </span>
     <span class='ocr_line' id='line_1_42' title="bbox 148 2558 1758 2620; baseline 0.001 -20"><span class='ocrx_word' id='word_1_383' title='bbox 148 2558 287 2617; x_wconf 88' lang='lat' dir='ltr'>eique,</span> <span class='ocrx_word' id='word_1_384' title='bbox 309 2562 424 2619; x_wconf 91' lang='lat' dir='ltr'>quod</span> <span class='ocrx_word' id='word_1_385' title='bbox 444 2560 489 2604; x_wconf 86' lang='lat' dir='ltr'>in</span> <span class='ocrx_word' id='word_1_386' title='bbox 510 2563 666 2604; x_wconf 86' lang='lat' dir='ltr'>Senatu</span> <span class='ocrx_word' id='word_1_387' title='bbox 688 2572 851 2619; x_wconf 86' lang='lat' dir='ltr'>gestum</span> <span class='ocrx_word' id='word_1_388' title='bbox 871 2571 971 2614; x_wconf 89' lang='lat' dir='ltr'>erat,</span> <span class='ocrx_word' id='word_1_389' title='bbox 991 2563 1184 2620; x_wconf 82' lang='lat' dir='ltr'>exposuit</span> <span class='ocrx_word' id='word_1_390' title='bbox 1201 2579 1210 2605; x_wconf 79' lang='lat' dir='ltr'><em>z</em></span> <span class='ocrx_word' id='word_1_391' title='bbox 1246 2564 1271 2604; x_wconf 74' lang='lat' dir='ltr'>a</span> <span class='ocrx_word' id='word_1_392' title='bbox 1290 2562 1495 2603; x_wconf 88' lang='lat' dir='ltr'>concione</span> <span class='ocrx_word' id='word_1_393' title='bbox 1515 2560 1560 2603; x_wconf 91' lang='lat' dir='ltr'>in</span> <span class='ocrx_word' id='word_1_394' title='bbox 1577 2560 1758 2603; x_wconf 88' lang='lat' dir='ltr'>domum</span> 
     </span>
     <span class='ocr_line' id='line_1_43' title="bbox 148 2618 1759 2678; baseline 0.001 -20"><span class='ocrx_word' id='word_1_395' title='bbox 148 2631 236 2659; x_wconf 82' lang='lat' dir='ltr'>suae</span> <span class='ocrx_word' id='word_1_396' title='bbox 255 2618 452 2662; x_wconf 76' lang='lat' dir='ltr'>-vicinam</span> <span class='ocrx_word' id='word_1_397' title='bbox 483 2621 508 2662; x_wconf 72' lang='lat' dir='ltr'>a</span> <span class='ocrx_word' id='word_1_398' title='bbox 532 2620 690 2676; x_wconf 83' lang='lat' dir='ltr'>populo</span> <span class='ocrx_word' id='word_1_399' title='bbox 719 2621 924 2662; x_wconf 88' lang='lat' dir='ltr'>deductus</span> <span class='ocrx_word' id='word_1_400' title='bbox 944 2630 1022 2672; x_wconf 89' lang='lat' dir='ltr'>est,</span> <span class='ocrx_word' id='word_1_401' title='bbox 1053 2621 1152 2678; x_wconf 89' lang='lat' dir='ltr'>quia</span> <span class='ocrx_word' id='word_1_402' title='bbox 1174 2631 1278 2663; x_wconf 89' lang='lat' dir='ltr'>tunc</span> <span class='ocrx_word' id='word_1_403' title='bbox 1301 2619 1345 2661; x_wconf 90' lang='lat' dir='ltr'>in</span> <span class='ocrx_word' id='word_1_404' title='bbox 1366 2620 1455 2677; x_wconf 86' lang='lat' dir='ltr'>ejus</span> <span class='ocrx_word' id='word_1_405' title='bbox 1477 2618 1642 2661; x_wconf 84' lang='lat' dir='ltr'>aedibus</span> <span class='ocrx_word' id='word_1_406' title='bbox 1662 2633 1759 2660; x_wconf 86' lang='lat' dir='ltr'>ma-</span> 
     </span>
     <span class='ocr_line' id='line_1_44' title="bbox 147 2676 1762 2721; baseline 0.002 -6"><span class='ocrx_word' id='word_1_407' title='bbox 147 2685 281 2718; x_wconf 74' lang='lat' dir='ltr'>tronae</span> <span class='ocrx_word' id='word_1_408' title='bbox 312 2687 352 2719; x_wconf 91' lang='lat' dir='ltr'>et</span> <span class='ocrx_word' id='word_1_409' title='bbox 369 2678 558 2720; x_wconf 86' lang='lat' dir='ltr'>Vestales</span> <span class='ocrx_word' id='word_1_410' title='bbox 578 2679 711 2721; x_wconf 68' lang='lat' dir='ltr'>Bonae</span> <span class='ocrx_word' id='word_1_411' title='bbox 728 2679 833 2721; x_wconf 82' lang='lat' dir='ltr'>Deae</span> <span class='ocrx_word' id='word_1_412' title='bbox 856 2694 971 2720; x_wconf 87' lang='lat' dir='ltr'>sacra</span> <span class='ocrx_word' id='word_1_413' title='bbox 990 2678 1214 2721; x_wconf 88' lang='lat' dir='ltr'>faciebant.</span> <span class='ocrx_word' id='word_1_414' title='bbox 1274 2679 1417 2720; x_wconf 89' lang='lat' dir='ltr'>Nonis</span> <span class='ocrx_word' id='word_1_415' title='bbox 1446 2676 1762 2720; x_wconf 76' lang='lat' dir='ltr'>Decembribus</span> 
     </span>
     <span class='ocr_line' id='line_1_45' title="bbox 147 2733 1760 2797; baseline 0.001 -23"><span class='ocrx_word' id='word_1_416' title='bbox 147 2733 314 2797; x_wconf 77' lang='lat' dir='ltr'>Consul</span> <span class='ocrx_word' id='word_1_417' title='bbox 335 2734 577 2780; x_wconf 84' lang='lat' dir='ltr'>admonitus</span> <span class='ocrx_word' id='word_1_418' title='bbox 597 2747 658 2779; x_wconf 87' lang='lat' dir='ltr'>est</span> <span class='ocrx_word' id='word_1_419' title='bbox 677 2737 856 2794; x_wconf 88' lang='lat' dir='ltr'>cogitare</span> <span class='ocrx_word' id='word_1_420' title='bbox 877 2736 1104 2779; x_wconf 86' lang='lat' dir='ltr'>nonnullos</span> <span class='ocrx_word' id='word_1_421' title='bbox 1125 2738 1174 2779; x_wconf 90' lang='lat' dir='ltr'>de</span> <span class='ocrx_word' id='word_1_422' title='bbox 1193 2736 1378 2778; x_wconf 85' lang='lat' dir='ltr'>Lentulo</span> <span class='ocrx_word' id='word_1_423' title='bbox 1397 2745 1441 2778; x_wconf 39' lang='lat' dir='ltr'>et,</span> <span class='ocrx_word' id='word_1_424' title='bbox 1457 2736 1648 2793; x_wconf 87' lang='lat' dir='ltr'>Cethego</span> <span class='ocrx_word' id='word_1_425' title='bbox 1679 2733 1760 2776; x_wconf 85' lang='lat' dir='ltr'>eri·</span> 
     </span>
     <span class='ocr_line' id='line_1_46' title="bbox 147 2791 1764 2850; baseline 0.001 -18"><span class='ocrx_word' id='word_1_426' title='bbox 147 2791 310 2846; x_wconf 77' lang='lat' dir='ltr'>piendis</span> <span class='ocrx_word' id='word_1_427' title='bbox 332 2793 356 2834; x_wconf 78' lang='grc' dir='ltr'>ἐ</span> <span class='ocrx_word' id='word_1_428' title='bbox 376 2808 551 2836; x_wconf 81' lang='lat' dir='ltr'>carcere.</span> <span class='ocrx_word' id='word_1_429' title='bbox 611 2795 681 2837; x_wconf 91' lang='lat' dir='ltr'>De</span> <span class='ocrx_word' id='word_1_430' title='bbox 711 2794 761 2836; x_wconf 90' lang='lat' dir='ltr'>iis</span> <span class='ocrx_word' id='word_1_431' title='bbox 792 2794 932 2836; x_wconf 83' lang='lat' dir='ltr'>statim</span> <span class='ocrx_word' id='word_1_432' title='bbox 961 2795 1011 2837; x_wconf 87' lang='lat' dir='ltr'>ad</span> <span class='ocrx_word' id='word_1_433' title='bbox 1035 2796 1239 2837; x_wconf 86' lang='lat' dir='ltr'>Senatum</span> <span class='ocrx_word' id='word_1_434' title='bbox 1272 2793 1428 2836; x_wconf 88' lang='lat' dir='ltr'>retulit.</span> <span class='ocrx_word' id='word_1_435' title='bbox 1489 2793 1639 2850; x_wconf 83' lang='lat' dir='ltr'>Rogati</span> <span class='ocrx_word' id='word_1_436' title='bbox 1662 2799 1764 2834; x_wconf 83' lang='lat' dir='ltr'>sunt</span> 
     </span>
    </p>
   </div>
   <div class='ocr_carea' id='block_1_3' title="bbox 148 2841 1887 2908">
    <p class='ocr_par' dir='ltr' id='par_1_3' title="bbox 148 2841 1887 2908">
     <span class='ocr_line' id='line_1_47' title="bbox 148 2841 1887 2908; baseline 0.001 -19"><span class='ocrx_word' id='word_1_437' title='bbox 148 2849 397 2894; x_wconf 83' lang='lat' dir='ltr'>sententiam</span> <span class='ocrx_word' id='word_1_438' title='bbox 421 2851 654 2896; x_wconf 78' lang='lat' dir='ltr'>Senatores,</span> <span class='ocrx_word' id='word_1_439' title='bbox 717 2852 886 2896; x_wconf 80' lang='lat' dir='ltr'>Silanus</span> <span class='ocrx_word' id='word_1_440' title='bbox 905 2851 1083 2896; x_wconf 80' lang='lat' dir='ltr'>decrevit</span> <span class='ocrx_word' id='word_1_441' title='bbox 1103 2853 1147 2895; x_wconf 89' lang='lat' dir='ltr'>in</span> <span class='ocrx_word' id='word_1_442' title='bbox 1172 2867 1242 2895; x_wconf 81' lang='lat' dir='ltr'>eos</span> <span class='ocrx_word' id='word_1_443' title='bbox 1259 2851 1463 2895; x_wconf 84' lang='lat' dir='ltr'>ultimum</span> <span class='ocrx_word' id='word_1_444' title='bbox 1486 2850 1763 2908; x_wconf 76' lang='lat' dir='ltr'>supplicium.</span> <span class='ocrx_word' id='word_1_445' title='bbox 1829 2880 1833 2882; x_wconf 14' lang='grc' dir='ltr'>ἡ</span> <span class='ocrx_word' id='word_1_446' title='bbox 1884 2841 1887 2851; x_wconf 83' lang='lat'>&#39;</span> 
     </span>
    </p>
   </div>
   <div class='ocr_carea' id='block_1_4' title="bbox 1620 2905 1767 2952">
    <p class='ocr_par' dir='ltr' id='par_1_4' title="bbox 1620 2905 1767 2952">
     <span class='ocr_line' id='line_1_48' title="bbox 1620 2905 1767 2952; baseline -0.014 0"><span class='ocrx_word' id='word_1_447' title='bbox 1620 2905 1767 2952; x_wconf 75' lang='lat' dir='ltr'>Plures</span> 
     </span>
    </p>
   </div>
  </div>
 </body>
</html>
