1872 3140
529 182 544 199 ο
712 129 795 172 DE
824 128 1196 174 SENECTUTE.
1668 137 1750 173 513

142 244 265 288 Nihil
280 259 375 302 ergo
391 243 536 302 agebat
556 246 615 289 Q.
632 245 876 287 Maximus?
910 244 1015 286 nihil
1037 246 1088 286 L,
1110 244 1277 296 Paulus,
1308 251 1421 300 pater
1450 249 1563 294 tuus,
1583 242 1678 286 Sci-

144 303 229 359 pio,
251 318 368 345 socer
397 303 546 359 optimi
581 302 674 354 viri,
706 303 780 344 filii
819 302 937 344 mei?
986 303 1121 344 caeteri
1158 316 1291 353 senes,
1327 299 1523 352 Fabricii,
1545 299 1722 353 Curii,5

142 361 418 413 Coruncanii,
451 362 551 403 cum
583 375 713 416 remp.
747 359 937 411 consili0,
974 360 1215 401 auctoritate
1245 357 1534 410 defendebant,
1575 357 1682 399 nihil

143 417 344 474 agebant?
379 418 448 466 Ad
468 419 583 474 App.
607 417 773 460 Claudii
794 427 1047 460 senectutem
1088 417 1310 459 accedebat
1337 416 1480 469 etiam,
1517 424 1564 457 ut
1592 431 1680 457 cae-

143 490 217 520 cus
238 486 367 517 esset:
401 486 540 518 tamen
561 476 610 527 is,
627 478 727 518 cum
767 473 969 518 sententia
997 476 1175 517 Senatus
1199 474 1414 516 inclinaret
1445 474 1495 515 ad
1516 487 1680 529 pacem,

142 543 182 574 et
202 531 338 575 foedus
360 533 596 575 faciendum
624 548 723 575 cum
766 533 939 590 Pyrrho,
963 547 1049 574 non
1081 531 1286 575 dubitavit
1316 531 1450 573 dicere
1484 530 1569 584 illa,
1586 546 1682 588 quae

144 590 328 644 uersibus
346 601 582 648 persecutus
601 600 662 633 est
676 592 840 633 Ennius
858 607 868 633 z
1705 599 1755 632 lo

303 651 380 686 §2116
399 649 499 687 vobis
513 659 650 693 mentes,
660 659 762 686 rectae
773 663 847 700 qua:
863 658 958 686 stare
972 648 1133 686 solebant

297 702 471 745 Antehac,
491 702 658 739 dementes
674 715 745 739 sese
747 704 887 753 flexere
906 701 991 739 *via
1008 705 1026 737 Ρ
1500 699 1581 736 *aL
1595 699 1687 737 viai.

142 774 371 822 caeteraque
390 763 630 821 gravissime
647 781 660 817 3
693 775 843 806 notum
873 765 986 806 enim
1020 763 1138 805 vobis
1169 777 1337 806 carmen
1365 771 1450 804 est:
1484 771 1526 804 et
1543 771 1687 805 tamen

128 821 271 876 ipsius
291 823 424 878 Appii
444 831 554 864 extat
583 822 739 864 oratio:
774 832 895 879 atque
917 822 1027 863 hanc
1057 821 1124 864 ille
1153 821 1234 878 egit
1273 829 1430 876 septem
1471 830 1512 862 et
1540 820 1685 862 decem

144 894 276 922 annos
298 888 389 936 post
409 879 581 922 alterum
600 879 895 931 Consulatum,
920 882 1019 922 cum
1050 878 1157 922 inter
1186 880 1290 921 duos
1311 877 1565 920 Consulatus
1585 876 1685 920 anni
1707 886 1756 921 15

143 937 288 993 decem
308 936 602 989 interfuissent,
626 938 868 994 Censorque
885 948 979 979 ante
1000 936 1281 979 Consulatum
1306 936 1556 992 superiorem
1579 935 1683 978 fuis-

144 1005 220 1036 set.
278 996 345 1036 Ex
367 1010 450 1052 quo
468 995 723 1053 intelligitur,
744 995 1016 1053 Pyrrbibello
1032 995 1231 1051 grandem
1253 996 1350 1035 sane
1370 993 1494 1035 fuisse
1513 1010 1526 1046 3
1560 1001 1601 1035 et
1621 1004 1686 1035 ta-

143 1067 241 1094 men
264 1053 322 1094 sic
339 1053 364 1094 ὲ
385 1052 566 1109 patribus
587 1053 835 1108 accepimus.
895 1051 1020 1095 Nihil
1041 1052 1166 1110 igitur
1182 1051 1372 1102 afferunt,
1395 1050 1469 1108 qui
1488 1050 1534 1093 in
1552 1065 1592 1093 re
1611 1066 1686 1108 ge-

145 1109 273 1151 renda
286 1111 437 1152 versari
456 1120 706 1152 senectutem
725 1119 893 1167 negant,
912 1109 1151 1166 similesque
1167 1118 1263 1150 sunt
1279 1109 1328 1150 iis
1345 1109 1417 1165 qui
1429 1108 1686 1165 gubernato·
1792 1158 1793 1162 Ἰ

144 1181 232 1208 rem
260 1166 305 1209 in
324 1168 555 1225 navigando
577 1183 692 1224 agere
709 1168 814 1209 nihil
836 1169 992 1219 dicant,
1014 1169 1117 1209 cum
1137 1167 1206 1209 alii
1225 1166 1357 1208 malos
1379 1166 1594 1218 scandant,
1617 1164 1686 1213 alii
1705 1174 1761 1209 20

146 1239 218 1280 per
233 1223 341 1266 foros
363 1236 543 1278 cursent,
567 1225 634 1267 alii
654 1225 861 1268 sentinam
880 1225 1124 1267 exhauriant
1141 1241 1152 1277 3
1186 1224 1255 1266 ille
1274 1234 1411 1266 autem
1441 1224 1606 1266 clavum
1626 1233 1687 1266 te-

145 1296 250 1323 nens
268 1283 431 1339 quietus
454 1284 590 1325 sedeat
608 1284 651 1325 in
674 1283 817 1340 puppi.
878 1284 981 1325 Non
1003 1282 1101 1324 facit
1119 1298 1167 1324 ea
1185 1298 1279 1339 quae
1294 1283 1496 1339 juvenes3
1530 1291 1570 1323 at
1590 1283 1688 1323 vers)

142 1339 280 1382 multe>
300 1340 457 1397 majora
477 1352 515 1383 et
533 1340 705 1383 meliora
717 1341 829 1383 facit.
889 1343 995 1383 Non
1014 1340 1186 1391 viribus,
1205 1350 1275 1381 aut
1293 1338 1595 1390 velocitatibus,
1618 1348 1691 1381 aut

145 1396 350 1440 celeritate
370 1413 590 1454 corporum
612 1414 672 1440 res
690 1414 855 1456 magnae
874 1407 1096 1456 geruntur3
1130 1398 1198 1440 sed
1220 1397 1410 1449 consilio,
1430 1396 1688 1449 auctoritate,

147 1454 353 1496 sententia
373 1472 386 1507 3
419 1457 570 1512 quibus
590 1471 676 1498 non
695 1459 821 1501 modo
837 1472 923 1498 non
941 1455 1092 1507 orbari,
1111 1456 1180 1497 sed
1201 1454 1328 1497 etiam
1343 1454 1480 1512 augeri
1499 1463 1687 1497 senectus
1706 1463 1759 1498 25

147 1512 251 1554 solet
270 1529 276 1553 t
311 1512 391 1554 nisi
414 1513 517 1556 forte
537 1529 612 1571 ego
634 1514 767 1567 vobis,
790 1514 859 1572 qui
893 1524 932 1557 et
962 1513 1097 1565 miles,
1119 1523 1159 1555 et
1177 1513 1468 1565 Tribunus,et
1490 1515 1694 1569 Legatus,

147 1579 189 1612 et
207 1570 367 1611 Consul
384 1582 565 1614 versatus
597 1588 690 1614 sum
723 1572 766 1614 in
782 1573 893 1614 vario
917 1586 1063 1629 genere
1079 1571 1300 1623 bellorum,
1319 1585 1474 1612 cessare
1491 1585 1611 1615 nunc,
1623 1570 1699 1611 vi'-=

146 1626 261 1679 deor,
280 1630 381 1670 cum
397 1629 503 1672 bella
519 1644 601 1671 non
625 1645 731 1685 gem.
792 1631 854 1672 At
874 1629 1046 1672 Senatui
1066 1645 1161 1685 quae
1191 1640 1288 1671 sunt
1306 1628 1483 1686 gerenda
1503 1628 1691 1684 praescri-

147 1684 220 1737 bo,
242 1695 283 1726 et
298 1687 510 1743 quomodo
531 1705 540 1729 :
576 1687 824 1744 Carthagini
843 1687 952 1733 male
969 1689 1057 1743 jam
1076 1687 1146 1729 diu
1169 1686 1369 1744 cogitanti
1398 1685 1555 1728 bellum
1575 1684 1689 1728 mul-

147 1745 194 1785 to
212 1743 308 1785 ante
337 1743 571 1786 denuncio:
605 1746 655 1786 de
685 1749 768 1803 qua
797 1744 923 1788 vereri
953 1761 1040 1786 non
1069 1748 1165 1786 ante
1195 1744 1400 1796 desinam,
1423 1745 1553 1801 quam
1573 1742 1689 1785 illam
1709 1753 1765 1790 30

148 1800 330 1842 excisam
346 1817 433 1844 esse
446 1817 677 1859 cognovero
696 1817 705 1846 t
729 1817 857 1860 quam
873 1803 1057 1858 palmam
1073 1802 1234 1844 utinam
1251 1802 1307 1843 dii
1320 1800 1576 1846 immortales
1594 1799 1688 1853 tibi,

147 1857 308 1914 Scipio,
330 1870 546 1912 reservent,
570 1871 616 1902 ut
646 1861 710 1903 avi
740 1861 930 1917 reliquias
970 1875 1241 1917 persequare3
1275 1860 1439 1917 cujusa
1457 1868 1589 1901 morte
1620 1859 1699 1904 hic,

148 1916 291 1957 tertius
307 1925 347 1958 et
366 1918 598 1960 tricesimus
619 1928 680 1960 est
699 1933 848 1969 annuS,
867 1918 933 1960 sed
967 1918 1213 1960 memoriam
1238 1917 1346 1959 illius
1376 1917 1451 1959 viri
1485 1916 1692 1972 excipient
1718 1934 1739 1954 -:
1765 1932 1770 1936 ·

148 1988 297 2015 omnes
313 1975 411 2016 anni
434 1986 748 2033 consequentes.
810 1978 940 2017 Anno
955 1985 1049 2017 ante
1068 1991 1136 2018 me
1153 1977 1381 2018 Censorem
1406 1983 1596 2017 mortuus
1613 1982 1690 2026 est,

151 2045 304 2072 novem
325 2033 445 2075 annis
472 2042 568 2090 post
591 2050 733 2076 meum
773 2033 1066 2083 Consulatum,
1088 2036 1189 2076 cum
1228 2032 1389 2076 Consul
1425 2032 1592 2083 iterum,
1623 2041 1761 2077 τηε-,35

152 2088 353 2143 Consule,
387 2101 545 2133 creatus
576 2096 695 2133 essetj
749 2093 873 2134 Num
904 2090 1043 2148 igitur,
1081 2092 1114 2133 si
1144 2091 1193 2133 ad
1225 2091 1500 2133 centesimum
1531 2094 1695 2132 annum

150 2146 331 2198 vixisset,
350 2150 571 2192 senectutis
591 2164 687 2190 eum
708 2164 793 2190 suae
814 2149 1058 2204 poeniteret?
1095 2164 1171 2190 nec
1200 2148 1314 2191 enim
1333 2147 1590 2199 excursione,
1612 2162 1693 2189 nec

153 2203 275 2256 saltu,
305 2220 382 2247 nec
417 2208 581 2249 eminus
604 2206 746 2259 hastis,
770 2218 839 2248 aut
860 2207 1056 2249 cominus
1076 2206 1220 2264 gladiis
1241 2217 1451 2258 uteretur3
1484 2205 1554 2246 sed
1585 2220 1690 2247 con—

153 2260 262 2313 silio,
285 2262 455 2316 ratione,
479 2265 680 2307 sententia
702 2281 709 2306 :
743 2280 837 2322 quae
856 2264 934 2305 nisi
953 2274 1089 2306 essent
1104 2264 1148 2306 in
1166 2265 1350 2316 senibus,
1367 2278 1454 2305 non
1476 2276 1693 2304 summum

153 2318 376 2361 consilium
399 2322 573 2379 majores
601 2323 732 2364 nostri
762 2322 1034 2378 appellassent
1066 2324 1278 2365 Senatum.
1340 2321 1467 2377 Apud
1490 2320 1690 2362 Lacedae-
1709 2331 1766 2365 40

154 2376 319 2418 monios
341 2378 511 2435 quidem
533 2380 576 2431 ii,
598 2381 669 2436 qui
686 2379 994 2437 amplissimum
1015 2381 1302 2437 magistratum
1326 2387 1489 2437 gerunt,
1511 2386 1558 2419 ut
1578 2387 1690 2427 sunt,

155 2434 214 2475 sic
234 2435 358 2477 etiam
380 2436 651 2479 nominantur
682 2453 806 2480 seneS.
868 2438 995 2481 Quod
1029 2439 1061 2480 si
1098 2440 1243 2495 legere,
1266 2447 1336 2479 aut
1374 2435 1512 2479 audire
1549 2434 1693 2477 voletis

154 2500 336 2545 externa,
357 2494 561 2536 maximas
583 2510 683 2550 resp.
705 2496 755 2538 ab
778 2495 1103 2538 adolescentibus
1119 2495 1352 2548 labefactas,
1373 2498 1399 2536 a
1414 2492 1579 2536 senibus
1600 2507 1691 2534 sus-

156 2558 330 2592 tentatas
351 2561 393 2593 et
413 2553 616 2594 restitutas
639 2553 853 2608 reperietis.

218 2605 339 2660 Cedo,
362 2610 434 2664 qui
449 2618 629 2651 vestram
651 2625 778 2664 remp.
797 2618 959 2653 tantam
979 2611 1184 2653 amisistis
1201 2618 1289 2653 tam
1309 2613 1387 2652 cito*
1406 2609 1429 2650 .9
1480 2608 1539 2650 sic
1579 2607 1693 2650 enim
1710 2619 1765 2655 45

157 2674 465 2728 percontantur,
484 2678 529 2709 ut
546 2677 607 2709 est
626 2667 669 2709 iu
689 2668 830 2711 Naevii
853 2669 965 2721 ludo,
987 2669 1288 2725 respondentur
1303 2677 1344 2710 et
1364 2667 1456 2719 alia,
1479 2676 1518 2708 et
1538 2665 1630 2707 haec
1650 2663 1695 2707 in

158 2736 321 2777 prmus,

419 2783 679 2820 Proreniebant
698 2793 857 2822 oratores
871 2787 954 2823 novi
964 2785 1064 2821 stulti
1078 2785 1341 2822 adolescentuli.

155 2843 385 2887 Temeritas
404 2856 465 2888 est
480 2845 670 2888 videlicet
688 2846 870 2890 florentis
892 2847 1020 2890 aetatis
1040 2863 1052 2899 3
1085 2846 1302 2903 prudentia
1313 2844 1579 2890 senescentis.

1496 2904 1602 2947 VII.
1634 2902 1695 2946 At
