1872 3140
730 174 812 216 DE
842 171 1146 215 AMICITIA.
1213 208 1215 210 ,
1662 175 1741 210 535

203 291 278 332 VI.
310 291 384 331 Est
430 298 566 331 autem
602 286 783 330 amicitia
819 286 923 328 nihil
955 286 1062 327 aliud
1094 283 1172 326 nisi
1205 281 1397 325 omnium
1436 282 1665 324 divinarum

147 347 507 404 humanarumque
529 360 662 387 rerum
685 360 780 386 cum
800 342 1085 386 benevolentia
1103 352 1142 383 et
1174 342 1338 383 caritate
1356 356 1533 383 *summa
1563 356 1663 381 con-

147 405 308 446 sensio:
343 407 426 461 qua
446 404 611 461 quidem
634 403 747 444 haud
768 401 870 452 scio,
900 416 967 452 an,
994 401 1163 455 except-22
1198 397 1412 453 sapientia,
1443 397 1666 454 quicquam

143 462 291 504 melius
310 463 471 504 homini
493 461 544 503 sit
559 462 583 501 ’Σι
604 460 679 502 diis
700 458 1004 500 immortalibus
1029 457 1169 498 datum
1190 472 1202 507 3
1235 455 1394 498 divitias
1417 456 1484 498 alii
1501 470 1664 511 praepo-

144 529 266 570 nunt,
314 520 467 561 bonam
513 518 580 560 alii
628 516 920 567 valetudinem,
962 513 1027 556 alii
1079 513 1323 570 potentiam,
1374 513 1440 554 alii
1472 514 1665 563 honores,
1691 520 1712 553 5

144 577 266 618 multi
294 578 418 619 etiam
448 576 673 631 voluptate-s
691 591 702 626 3
737 573 969 614 belluarum
1007 572 1088 613 hoc
1121 571 1288 628 quidem
1328 582 1558 612 extremum
1579 579 1665 612 est:

142 633 210 676 illa
230 645 365 676 autem
390 633 594 688 superiora
625 634 778 673 caduca
798 640 836 672 ct
857 629 1025 680 incerta,
1052 629 1182 685 posita
1207 643 1291 670 non
1323 642 1406 670 tam
1442 628 1483 670 in
1519 627 1668 669 nostris

138 691 342 744 consiliis,
381 694 508 748 quam
544 691 583 734 in
620 689 796 731 fortunae
838 688 1073 729 temeritate.
1134 685 1223 730 Qui
1262 696 1401 727 autem
1442 687 1483 727 in
1521 685 1668 728 virtute

142 764 354 791 summum
389 750 548 790 bouum
578 755 755 803 ponunt,
787 745 981 802 praeclarc
1020 743 1077 785 illi
1110 744 1307 801 quidem:
1356 743 1422 786 sed
1456 745 1544 785 haec
1581 743 1666 798 ipsa

141 807 269 849 virtus
297 806 523 848 amicitiam
545 815 583 847 et
603 804 736 862 giguit
756 813 794 844 et
822 801 1034 844 continet:
1079 818 1156 843 nec
1189 801 1275 842 sine
1308 801 1454 842 virtute
1484 800 1668 845 amicitia
1695 808 1744 842 lO

141 879 230 906 esse
252 864 335 905 ullo
372 873 490 920 pacto
522 873 681 919 potest:
709 863 799 917 jam
835 861 1026 902 virtutem
1064 875 1112 901 ex
1148 859 1444 900 consuetudine
1468 859 1562 900 vitae
1582 874 1662 901 ser-

142 922 362 978 monisque
396 921 525 962 nostri
559 920 899 976 interpretemur:
934 933 1009 959 nec
1038 933 1149 969 eam,
1169 928 1214 958 ut
1237 917 1403 973 quidam
1428 916 1555 968 docti,
1577 932 1667 958 ver-

139 978 288 1021 borum
319 977 628 1036 magnificentia
661 977 906 1018 metiamur:
940 976 1129 1032 virosque
1156 975 1287 1016 bonos
1307 990 1391 1027 eos,
1414 975 1485 1031 qui
1506 973 1664 1016 haben-

139 1045 219 1089 tur,
255 1052 538 1087 numeremus,
573 1035 736 1086 Paul05‚
779 1034 976 1085 Catones,
1017 1033 1176 1084 Gallos,
1211 1033 1440 1088 Scipiones,
1493 1032 1664 1085 Philosg

140 1095 206 1136 his
227 1094 465 1137 communis
495 1093 577 1135 vita
598 1101 792 1134 contenta
822 1100 910 1142 θεῖς
944 1106 1011 1132 eos
1035 1100 1172 1134 autem
1201 1091 1460 1142 omittamus,
1478 1089 1548 1147 qui
1570 1106 1664 1132 om-
1695 1097 1741 1129 lo

138 1153 240 1194 nino
265 1167 472 1208 nusquam
519 1149 784 1207 reperiuntur.
842 1149 962 1190 Tales
1010 1148 1134 1206 igitur
1183 1146 1287 1189 inter
1332 1148 1439 1190 viros
1484 1147 1668 1191 amicitia

129 1219 271 1252 *tantas
306 1208 630 1265 opportunitates
661 1208 800 1258 habet,
821 1217 993 1263 quantas
1015 1207 1081 1248 vix
1103 1221 1209 1263 queo
1232 1205 1379 1247 dicere.
1442 1204 1667 1261 Principio,

138 1268 205 1309 cui
223 1276 356 1323 potest
375 1282 460 1308 esse
478 1267 560 1308 vita
581 1265 728 1317 vitalis,
748 1274 793 1306 ut
814 1265 870 1306 ait
888 1264 1067 1316 Ennius,
1090 1264 1161 1321 qui
1190 1279 1278 1305 non
1304 1263 1344 1304 in
1378 1262 1502 1306 amici
1522 1266 1670 1305 mutua

135 1324 423 1367 benevolentia
455 1323 753 1380 conquiescat?
793 1321 909 1365 Quid
942 1322 1119 1374 dulcius,
1143 1324 1270 1378 quam
1308 1321 1473 1374 habere,
1496 1323 1668 1378 quicum

135 1383 279 1424 omnia
299 1383 446 1424 audeas
467 1383 524 1424 sic
546 1380 676 1438 loqui,
700 1390 746 1422 ut
766 1390 902 1422 tecum
926 1382 938 1421 ἒ
985 1381 1094 1423 Quis
1127 1388 1230 1421 esset
1263 1388 1401 1421 tantus
1435 1379 1591 1421 fructus
1623 1378 1669 1421 in
1691 1386 1745 1419 ΩΟ

137 1440 340 1497 prosperis
363 1440 496 1491 rebus,
515 1439 595 1481 nisi
615 1440 796 1490 haberes,
820 1438 893 1495 qui
925 1437 1004 1479 illis
1035 1440 1154 1494 aeque
1175 1452 1222 1480 ac
1251 1446 1293 1478 tu
1327 1436 1415 1492 ipse
1442 1437 1661 1494 gauderet?

135 1498 340 1543 Adversas
358 1500 452 1540 vero
472 1497 572 1539 ferre
593 1496 757 1538 difficile
777 1505 881 1538 esset
902 1495 988 1536 sine
1021 1511 1085 1548 e0,
1109 1495 1179 1552 qui
1210 1494 1298 1536 illas
1330 1494 1494 1552 gravius
1525 1495 1669 1548 etiam,

136 1557 266 1612 quam
305 1564 366 1609 tu,
404 1555 549 1608 ferret3
584 1555 760 1611 denique
793 1563 952 1595 caeterae
988 1569 1065 1605 res,
1101 1569 1194 1610 quae
1226 1562 1484 1609 expetuntur,
1518 1568 1669 1609 oppor-

135 1623 249 1655 tunae
270 1623 368 1655 sunt
397 1612 572 1672 singulae
603 1612 720 1654 rebus
742 1611 826 1654 fere
850 1611 1019 1668 singulis
1040 1628 1050 1653 :
1084 1610 1254 1662 divitiae,
1280 1621 1323 1652 ut
1339 1619 1467 1663 utare,
1487 1625 1600 1667 opes,
1622 1619 1669 1652 ut

136 1671 283 1723 colare,
307 1672 499 1723 honores,
521 1682 567 1714 ut
600 1670 778 1720 laudare,
802 1669 1043 1725 voluptates,
1071 1680 1118 1711 ut
1152 1670 1343 1727 gaudeas,
1380 1668 1584 1720 valetudo,
1620 1679 1666 1710 ut
1690 1673 1742 1709 25

135 1729 274 1771 dolore
323 1744 474 1781 careas,
507 1739 547 1771 et
595 1728 837 1770 muneribus
885 1727 1056 1784 fungare
1105 1727 1302 1783 corporis.
1363 1726 1566 1769 Amicitia
1605 1742 1667 1768 res

134 1786 331 1843 plurimas
363 1786 577 1829 continet:
620 1787 790 1843 quoquo
826 1794 863 1827 te
901 1785 1080 1836 verteris,
1118 1787 1267 1841 praesto
1306 1793 1382 1836 est,
1418 1783 1533 1826 nullo
1571 1784 1666 1826 loco

133 1844 380 1897 excluditur,
403 1860 620 1902 nunquam
651 1843 953 1900 intempestiva,
994 1858 1209 1899 nunquam
1241 1842 1414 1884 molesta
1439 1853 1515 1884 est.
1579 1844 1666 1885 Ita-

133 1917 214 1958 que
248 1918 332 1944 non
366 1904 490 1960 aqua,
513 1919 597 1944 non
630 1900 732 1959 igni,
755 1911 801 1942 ut
835 1901 965 1953 aiunt,
990 1900 1176 1956 pluribus
1207 1900 1309 1942 locis
1347 1899 1517 1952 utimur,
1536 1901 1665 1957 quam

134 1959 349 2013 amicitia;
383 1976 515 2017 neque
537 1977 611 2018 ego
639 1975 753 2001 nunc
774 1959 823 2000 de
849 1959 1021 2015 vulgari,
1045 1968 1115 2008 aut
1143 1959 1194 1999 de
1227 1957 1441 2009 mediocri,
1473 1974 1565 2015 quae
1603 1967 1666 2000 ta·
1690 1964 1745 2000 ΞΟ

132 2032 231 2060 men
253 2017 341 2075 ipsa
359 2030 397 2060 et
416 2018 604 2071 delectat,
625 2029 664 2059 et
685 2016 862 2072 prodest,
896 2017 964 2058 sed
998 2017 1047 2057 de
1081 2019 1190 2067 verit,
1214 2025 1253 2057 et
1288 2015 1467 2071 perfecta
1501 2016 1664 2073 loquor,

135 2075 267 2132 qualis
288 2090 448 2128 eorum,
473 2076 543 2133 qui
579 2074 699 2133 pauci
734 2074 1019 2126 nominantur,
1055 2073 1163 2126 fuit3
1197 2089 1293 2117 nam
1325 2083 1365 2115 et
1385 2074 1583 2116 secundas
1603 2090 1665 2116 res

133 2133 426 2189 splendidiores
448 2134 545 2176 facit
566 2131 764 2185 amicitia,
783 2142 822 2174 et
848 2132 1033 2176 adversas
1050 2131 1228 2188 partiens
1246 2131 1664 2189 communicansque,

134 2191 318 2234 leviores.
769 2199 785 2211 ⁹

190 2251 296 2291 VII.
331 2250 528 2306 Cumque
569 2247 766 2305 plurimas
812 2257 851 2291 et
894 2247 1098 2290 maximas
1138 2247 1454 2289 commoditates
1486 2247 1669 2291 amicitia

138 2308 361 2359 contineat,
384 2317 474 2349 tum
505 2306 572 2350 illa
601 2306 801 2349 nimirum
824 2316 989 2362 praestat
1006 2305 1218 2357 omnibus7
1243 2306 1350 2363 quod
1377 2306 1529 2347 bonam
1550 2321 1670 2362 spem

138 2365 334 2421 praelucet
365 2365 408 2406 iu
447 2374 684 2421 posterum:
718 2380 795 2406 nec
826 2364 1026 2406 debilitari
1061 2363 1240 2415 animos,
1280 2373 1350 2404 aut
1388 2364 1529 2405 cadere
1560 2363 1667 2419 pati-

116 2421 216 2465 tur.
292 2424 451 2464 Verum
491 2421 616 2464 etiam
646 2422 831 2464 amicum
864 2422 935 2479 qui
966 2421 1162 2472 intuetur,
1213 2432 1410 2478 tanquam
1460 2422 1669 2477 exemplar

136 2481 302 2537 aliquod
343 2480 525 2521 intuetur
562 2479 652 2532 sui3
688 2479 883 2537 quocirca
913 2491 953 2522 et
984 2480 1171 2521 absentes
1193 2480 1356 2531 adsunt,
1378 2488 1417 2520 et
1438 2490 1600 2536 egentes
1621 2495 1665 2521 a-

137 2537 341 2589 bundant,
364 2548 404 2579 et
439 2537 662 2580 imbecilles
696 2538 846 2589 valent,
871 2546 924 2589 et,
949 2537 1058 2594 quod
1092 2536 1300 2579 difficilius·
1320 2537 1433 2578 dictu
1455 2546 1528 2588 est,
1551 2552 1666 2578 mor-

136 2595 196 2637 tui
232 2594 399 2637 vivunt:
434 2604 572 2637 tantus
607 2610 676 2636 eos
715 2597 864 2647 honos,
887 2595 1103 2645 memoria,
1126 2594 1371 2636 desiderium
1408 2594 1669 2651 prosequitur

136 2652 398 2705 amicorum3
434 2669 481 2694 ex
504 2668 586 2710 quo
604 2653 767 2695 illorum
789 2653 906 2695 beata
925 2668 1036 2694 mors
1063 2653 1243 2694 videtur:
1276 2652 1425 2692 horum
1466 2652 1546 2693 vita
1575 2651 1667 2693 lau-

137 2710 282 2752 dabilis
303 2727 314 2763 3
348 2712 458 2767 quod
480 2710 513 2752 si
541 2711 736 2753 exemeris
758 2726 805 2753 ex
826 2714 972 2752 natura
1002 2725 1138 2751 rerum
1158 2707 1453 2751 benevolentiae
1481 2709 1665 2765 junctio-

136 2783 251 2825 nem,
271 2783 349 2809 nec
369 2768 518 2811 domus
539 2768 636 2821 ulla,
657 2784 733 2811 nec
757 2769 852 2810 urbs
873 2778 976 2810 stare
1008 2766 1182 2822 poterit:
1216 2781 1268 2808 ne
1288 2766 1372 2823 agri
1391 2766 1558 2822 quidem
1578 2767 1668 2808 cul·
1699 2776 1748 2809 10

138 2837 204 2868 tus
237 2826 524 2882 permanebit3
573 2825 612 2867 id
653 2825 684 2866 si
721 2827 864 2868 minus
907 2824 1163 2882 intelligitur,
1193 2834 1347 2880 quanta
1380 2824 1440 2866 vis
1474 2824 1669 2867 amicitiae

138 2883 453 2941 concordiaeque
485 2884 551 2936 sit,
575 2899 621 2926 ex
663 2882 987 2927 dissensionibus
1021 2895 1142 2940 atque
1177 2879 1389 2924 discordiis
1420 2881 1569 2939 percipi
1600 2898 1674 2938 po-

1582 2949 1673 2982 test.

1694 2487 1718 2521 Qt

1856 3127 1869 3140 ν’
1866 2780 1872 3103 —.—-<—--„-..„.
1859 2612 1872 2763 —ss--n-
1868 2534 1872 2557 -„
