1872 3140
383 136 621 182 ORATIO
649 135 772 180 PRO
799 133 855 177 T.
886 131 1080 176 ANNIO
1109 130 1354 177 MILONE.
1634 141 1719 190 341,
1747 175 1751 177 ,

105 259 172 299 {er
199 256 342 298 illum:
371 254 404 296 si
433 255 483 307 is,
505 255 689 310 inquam,
708 252 919 308 potuisset,
947 261 1017 293 aut
1049 247 1320 307 quaestionem
1349 249 1401 291 de
1431 260 1565 291 morte
1594 251 1642 294 P.

105 312 243 356 Clodii
272 311 397 362 ferre,
417 323 485 354 aut
516 314 649 368 ipsum
684 312 733 352 ab
763 309 905 352 inferis
936 310 1130 359 excitare,
1159 318 1300 349 utrum
1330 307 1479 362 putatis
1510 307 1642 350 factu-

102 385 195 413 rum
228 369 388 412 fuisse?
425 371 548 412 etiam
584 371 616 412 si
650 379 818 425 propter
849 368 1069 409 amicitiam
1103 367 1226 408 vellet
1260 367 1378 406 illum
1412 366 1463 407 ab
1498 365 1641 408 inferis

98 442 306 477 revocare,
336 438 505 483 propter
539 428 726 483 rempub.
758 440 844 467 non
878 425 1052 468 fecisset.
1113 423 1210 476 Ejus
1239 423 1542 479 igitur'mortis
1575 439 1639 465 se·
1658 426 1711 465 55

99 485 206 527 detis
235 486 408 537 ultores,
430 486 542 539 cujus
570 487 696 526 vitam
716 485 748 525 si
768 483 918 539 putetis
947 497 1021 538 per
1051 496 1124 523 vos
1143 480 1300 522 restitui
1321 496 1453 536 posse,
1475 480 1638 524 nolffis:

97 543 140 584 ἃ
160 543 212 585 de
233 542 319 596 ejus
339 558 441 586 nece
460 545 541 585 lata
561 543 732 598 quaestio
754 551 829 590 est,
850 541 920 596 qui
941 542 972 581 si
995 538 1142 581 eadem
1162 541 1252 593 lege
1272 539 1514 580 reviviscere
1543 553 1637 594 pos-

96 609 172 650 set,
193 601 272 642 lata
292 602 361 643 lex
391 606 605 657 nunquam
625 609 741 642 esset.
801 597 937 650 Hujus
968 613 1066 653 ergo
1089 595 1329 638 interfector
1359 597 1429 651 qui
1450 607 1570 645 esset,
1591 598 1634 638 in

95 658 336 700 confitendo
366 660 416 700 ab
445 660 563 700 hisne
598 671 765 713 poenam
795 655 976 704 timeret,
1013 668 1115 709 quos
1149 653 1432 695 liberavisset?
1494 653 1633 697 Graeci

93 715 285 757 homines
314 717 487 758 deorum
508 717 687 756 honores
717 713 904 754 tribuunt
934 713 982 753 iis
1002 712 1113 761 viris,
1134 712 1205 767 qui
1234 721 1430 765 tyrannos
1461 725 1633 754 necave-
1652 717 1708 754 60

94 783 206 815 runt.
266 774 374 830 Quae
408 788 486 829 ego
517 772 602 813 vidi
637 768 846 813 Athenis?
892 784 985 826 quae
1020 769 1108 810 aliis
1140 770 1185 811 in
1219 768 1386 810 urbibus
1424 769 1633 812 Graeciae?

66 845 195 884 ⁴*quas
227 845 292 872 res
325 831 482 871 divinas
511 830 658 871 talibus
689 829 892 869 institutas
925 826 1053 868 viris?
1088 841 1189 882 quos
1219 824 1392 867 cantus?
1424 842 1515 880 quae
1546 843 1634 868 car-

93 886 237 929 mina?
270 885 398 943 prope
429 888 479 929 ad
499 886 815 929 immortalitatis
847 885 885 926 8<
915 885 1158 940 religionem
1191 887 1231 926 &
1258 884 1501 924 memoriam
1532 900 1632 925 con-

92 954 314 987 secrantur.
391 945 481 986 Vos
519 945 625 986 tanti
663 953 992 986 conservatorem
1031 942 1186 997 populi,
1226 941 1330 982 tanti
1369 943 1529 982 sceleris
1568 944 1630 983 ul-

90 1012 240 1051 torem,
266 1016 353 1044 non
387 1000 515 1044 modo
546 1003 772 1044 honoribus
804 1001 926 1042 nullis
956 999 1156 1049 afficietis,
1191 1000 1262 1040 sed
1297 999 1349 1039 ad
1384 1000 1629 1054 supplicium
1647 1003 1702 1040 (35

89 1059 177 1114 rapi
207 1060 331 1101 etiam
365 1059 607 1115 patiemini?
654 1059 952 1110 Confiteretur‚
987 1058 1268 1106 confiteretur,
1299 1056 1484 1111 inquam,
1505 1058 1537 1098 si
1567 1057 1630 1098 fe-

89 1116 223 1167 cisset,
255 1119 464 1174 &magno
499 1119 652 1167 animo,
674 1120 713 1158 δε
741 1117 933 1166 libenter,
954 1129 996 1156 se
1030 1114 1171 1156 fecisse
1206 1115 1403 1156 libertatis
1439 1115 1628 1156 omnium

88 1172 224 1217 causa:
254 1177 367 1230 quod
390 1175 428 1217 ei
447 1173 558 1217 certe
587 1190 678 1216 nonr
694 1173 979 1217 confitendum
1009 1170 1135 1215 modo
1157 1172 1315 1222 fuisset,
1335 1169 1481 1212 verum
1502 1172 1626 1214 etiam

89 1233 411 1286 praedicandum.
467 1234 633 1275 Etenim
660 1233 693 1274 si
715 1233 756 1274 id
775 1247 862 1273 non
881 1241 1020 1287 negat,
1041 1245 1093 1282 ex
1115 1246 1197 1287 quo
1218 1230 1322 1284 nihil
1343 1230 1460 1284 petit,
1480 1230 1558 1271 nisi
1579 1245 1624 1272 ut

83 1289 347 1345 ignoscatur3
379 1291 584 1333 dubitaret
605 1291 647 1332 id
669 1290 802 1340 fateri,
824 1304 877 1331 ex
903 1304 986 1344 quo
1007 1289 1130 1331 etiam
1150 1290 1318 1344 prtemia
1340 1288 1470 1328 laudis
1491 1300 1624 1329 essent
1645 1290 1700 1327 To

86 1347 295 1401 petenda?
325 1350 402 1389 nisi
432 1346 532 1390 verb
563 1349 714 1406 gratius
735 1358 851 1402 putat
880 1361 966 1388 esse
999 1347 1114 1388 vobis
1149 1347 1210 1387 sui
1245 1361 1286 1387 se
1321 1346 1476 1399 capitis,
1498 1348 1624 1401 quam

86 1406 211 1446 vestri
231 1403 387 1447 ordinis
406 1404 667 1449 defensorem
686 1406 829 1447 fuisse:
860 1403 954 1446 cfim
974 1405 1201 1460 praesertim
1220 1405 1264 1444 in
1285 1402 1333 1444 eft
1353 1402 1625 1454 confessione,

85 1460 119 1502 si
139 1463 245 1518 grati
265 1477 349 1505 esse
368 1465 542 1514 velletis,
561 1465 740 1506 honores
759 1473 1043 1519 assequeretur
1062 1461 1328 1517 amplissimos
1345 1477 1354 1502 ;
1386 1461 1447 1501 sin
1468 1461 1625 1502 factum

85 1519 200 1560 vobis
234 1535 320 1561 non
355 1522 595 1576 probaretur
630 1524 884 1576 (quanquam
919 1519 990 1576 qui
1023 1531 1183 1575 poterat
1218 1521 1320 1560 salus
1360 1535 1431 1560 sua
1473 1519 1623 1573 cuique

84 1590 171 1617 non
202 1579 365 1632 probari
381 1577 415 1629 ?)
455 1580 526 1620 sed
560 1591 699 1620 tamen
729 1578 761 1619 si
795 1575 931 1619 minus
961 1577 1170 1618 fortissimi
1201 1578 1278 1618 viri
1309 1577 1436 1618 virtus
1468 1578 1622 1618 civibus
1640 1579 1695 1617 75

85 1644 200 1688 grata
239 1636 254 1659 ¹²
293 1635 528 1687 cecidisset3
577 1651 728 1692 magno
767 1636 905 1676 animo
944 1636 1230 1690 constantique
1269 1635 1433 1675 cederet
1473 1648 1525 1674 ex
1560 1635 1624 1675 in-

84 1691 201 1747 grata
230 1693 418 1743 civitate3
448 1709 545 1735 nam
575 1695 675 1750 quid
695 1704 798 1735 esset
818 1694 1030 1749 ingratius,
1051 1690 1173 1747 quam
1202 1694 1332 1733 laetari
1354 1702 1539 1740 caeteros,
1560 1693 1624 1732 lu-

84 1764 183 1805 gere
215 1765 312 1792 eum
345 1753 478 1793 solum
512 1762 680 1807 propter
715 1766 840 1807 quem
875 1751 1011 1792 caeteri
1041 1749 1309 1792 laetarentur?
1357 1751 1623 1805 Quamquam

84 1808 164 1848 hoc
198 1808 336 1850 animo
367 1825 527 1865 semper
562 1824 704 1850 omnes
735 1808 888 1850 fuimus
927 1809 971 1850 in
1002 1809 1144 1863 patriae
1173 1809 1450 1862 proditoribus
1485 1808 1623 1862 oppri-

84 1865 259 1914 mendis,
280 1877 341 1916 ut,
361 1868 557 1922 quoniam
576 1877 716 1908 nostra
743 1865 882 1908 futura
911 1876 1013 1907 esset
1043 1866 1187 1921 gloria,
1206 1865 1435 1920 periculum
1456 1879 1621 1919 quoque
1640 1868 1694 1904 80

84 1922 126 1963 δε
144 1923 340 1964 invidiam
360 1936 541 1967 nostram
561 1936 822 1980 putaremu53
852 1939 948 1965 nam
970 1939 1061 1978 quae
1083 1924 1185 1964 mihi
1210 1923 1507 1964 contribuenda
1536 1923 1621 1963 laus

85 1991 187 2021 esset
218 1981 308 2035 ipsi,
329 1979 424 2022 cum
444 1993 606 2024 tantum
636 1983 678 2022 in
699 1983 910 2023 consulatu
941 1997 1034 2022 meo
1065 1996 1140 2035 pro
1170 1981 1283 2022 vobis
1314 1996 1359 2022 ac
1389 1980 1525 2021 liberis
1552 1995 1624 2021 ve-

80 2038 173 2078 stris
202 2053 319 2079 ausus
350 2055 492 2089 essem,
513 2041 544 2081 si
576 2041 633 2090 id,
654 2041 767 2096 quod
800 2041 990 2088 conabar,
1011 2040 1096 2080 sine
1128 2045 1141 2060 *
1170 2039 1360 2080 maximis
1394 2038 1623 2079 dimicatio-

81 2095 200 2135 nibus
230 2097 330 2137 meis
360 2112 428 2138 me
457 2113 542 2138 esse
571 2102 763 2139 a'usurum
793 2095 1040 2138 arbitrarer?
1081 2111 1173 2151 quae
1202 2097 1351 2137 mulier
1380 2096 1620 2136 sceleratum

83 2164 126 2192 ac
161 2155 436 2207 perniciosum
476 2156 608 2196 civem
645 2156 832 2196 occidere
871 2170 958 2196 non
996 2156 1158 2203 audeat,
1196 2155 1229 2194 si
1267 2154 1495 2209 periculum
1534 2167 1619 2193 non
1639 2157 1692 2194 85

81 2209 280 2253 timeret?
342 2211 566 2268 Proposita
603 2211 770 2263 invidia,
808 2224 958 2262 morte,
997 2211 1135 2267 poena,
1175 2212 1247 2266 qui
1284 2212 1417 2253 nihil&
1457 2208 1620 2266 segnius

83 2269 270 2322 rempub.
320 2269 522 2321 defendit,
565 2272 598 2316 is
646 2271 709 2312 vir
757 2268 853 2312 vere
893 2271 1105 2327 >putandus
1153 2280 1226 2311 est.
1318 2269 1469 2325 Populi
1516 2268 1622 2325 grati

426 2477 442 2499 δ
459 2478 605 2525 fuisset.
847 2479 862 2501 θ
882 2473 1049 2527 periculo
1069 2477 1099 2521 δῑ
1120 2473 1279 2513 invidia.

127 2661 179 2691 5‘2.
206 2660 424 2701 Qttae5tionem.]
457 2663 492 2694 Id
514 2668 572 2703 est,
597 2663 771 2704 judicium,
798 2663 832 2694 in
920 2662 972 2692 64.
1001 2660 1157 2704 Ultorem]
1190 2660 1278 2691 Milo
1302 2656 1524 2689 interficiendo
1549 2656 1626 2689 Clo-

87 2712 153 2744 quo
169 2704 307 2736 habetur
321 2705 468 2745 quaestio.
877 2707 970 2736 dium
997 2705 1087 2736 ultus
1114 2712 1161 2736 est
1197 2703 1400 2744 religionem,
1431 2710 1528 2742 quam
1557 2702 1626 2732 vio-

130 2747 182 2778 62.
204 2747 265 2779 Res
279 2746 417 2791 divinas]
442 2749 595 2791 Intelligit
610 2757 744 2788 statuas,
761 2760 833 2782 mo·
878 2749 956 2781 lavit
972 2748 1026 2780 ille
1041 2747 1119 2779 cum
1143 2749 1178 2779 in
1199 2756 1288 2778 sacra
1308 2746 1401 2776 Bonae
1424 2746 1502 2776 Deae
1521 2755 1554 2776 se
1578 2745 1629 2775 in-

86 2798 254 2830 numenta,
269 2792 454 2830 columnas,
471 2802 541 2833 quae
558 2794 593 2825 in
610 2795 758 2826 Deorum
773 2793 835 2826 ho·
880 2792 962 2824 tulit.

87 2842 200 2866 norem
217 2843 322 2867 erecta
337 2843 424 2868 sunt.
510 2845 513 2849 ·
925 2837 978 2867 823.
1002 2835 1104 2866 Ausus
1117 2834 1230 2872 essem]
1253 2833 1412 2874 Loquitur
1428 2833 1466 2864 de
1481 2831 1632 2864 Catilina

131 2879 182 2909 63.
210 2877 420 2920 Religionem]
452 2880 494 2912 Iis
517 2881 720 2913 habebantur
744 2891 838 2915 caere-
881 2877 1133 2918 conjurationes
1149 2888 1182 2910 sc
1198 2875 1356 2919 oppress&-

90 2922 222 2963 moniae‚
239 2925 331 2966 quasi
349 2926 431 2956 inter
446 2924 525 2957 deos<
537 2931 652 2957 essent.

98 2985 103 2989 ·
893 2971 917 3007 ἶ.)
936 2981 959 3008 Β
985 2972 1009 3006 2
1558 2972 1633 3013 est,
