1872 3135
537 121 765 166 ORATIO
798 123 866 166 IN
899 122 958 166 Q.
993 118 1339 164 CAECILIUM.

171 238 264 280 hoec
287 247 325 279 et
343 237 395 279 a'h
387 252 420 278 a
442 236 483 278 in
501 246 541 278 te
561 236 650 279 falsi
672 253 792 280 accu-
781 238 946 280 53ιοιὶ5

170 311 255 337 non
279 308 385 337 ntor.

170 363 299 394 torem
324 369 384 394 655
378 368 410 394 6
440 368 526 394 non
556 368 686 409 posse.

942 239 1056 296 cigna
1073 236 1305 293 pfiexmulta:
1340 233 1489 291 quibus
1506 247 1580 290 ego
1593 245 1710 273 nunc

172 426 262 452 runi
302 410 377 452 tibi
411 410 582 452 societas
606 428 701 453 cum
723 413 764 453 V
767 428 852 453 erre
872 413 1076 470 ejusmodi
1096 421 1170 462 est,
1192 421 1238 452 ut
1259 425 1305 450 ea
1324 408 1369 450 in
1390 408 1623 450 accusando
1643 416 1707 447 at-

168 468 295 525 tinge:
296 484 325 509 e
348 486 372 510 ι
362 484 430 510 on
450 470 610 511 audeas.

675 470 875 534 Queritur
901 470 1044 514 Sicilia
1065 480 1165 520 tota,
1190 468 1243 510 C
1268 468 1441 509 Verrem
1463 465 1514 508 ab
1535 464 1706 506 aratori-

170 526 266 590 bus,
290 542 340 567 6
334 543 388 568 ιιι
423 526 683 569 frumentum
720 527 795 570 sibi
827 528 870 569 in
911 528 1055 569 cellam
1090 524 1387 588 imperavisset,
1420 533 1459 564 et
1482 539 1583 565 cum
1604 530 1711 563 esset

171 583 296 626 tritici
325 585 490 626 modius
514 585 575 625 H-
584 587 612 627 S
634 600 686 627 11.
711 601 784 641 pro
805 585 1049 627 frumento
1041 600 1083 626 m
1113 583 1276 625 modios
1295 581 1478 633 singulos
1497 581 1777 623 duodenosas

172 642 378 684 sestertios
400 643 592 705 exegisse

653 644 866 699 Magnum
903 641 1091 684 crimen!
1128 641 1278 698 ingens
1315 632 1517 703 pecunia!
1553 639 1712 680 furtum

172 699 393 756 impudens
411 701 419 741 !
456 699 606 757 injuria
625 715 712 741 non
733 700 925 741 fer.enda
918 700 924 728 ἲ
961 715 1037 757 ego
1059 700 1139 741 hoc
1162 714 1247 740 uno
1269 713 1444 739 crimine
1466 697 1586 739 illum
1608 711 1712 738 con-

173 758 368 800 demnem
385 772 550 799 necesse
571 766 646 799 est

230 817 306 858 IX.
339 816 420 864 Tu,
447 814 610 866 Caecili,
635 812 732 871 quid
764 811 918 854 facies
908 825 920 854 r
957 813 1113 855 Utrum
1137 815 1217 855 hoc
1240 822 1401 855 tantum
1422 813 1580 854 crimen
1601 828 1711 869 prae-

171 873 405 915 termittes?
441 888 493 914 an
514 872 719 935 objicies?
769 870 814 913 Si
849 869 1049 935 objicies,
1073 871 1135 912 id-
1142 887 1193 913 ne
1225 871 1338 913 alteri
1375 870 1541 912 crimini
1578 871 1712 923 dabis,

171 931 283 987 quod
313 930 458 972 eodem
493 940 737 986 temporem
759 930 905 971 eadem
938 927 1153 985 proxincia
1174 938 1216 971 tu
1238 928 1299 985 ips
1286 944 1324 970 56
1341 928 1507 970 fecisti
1495 943 1508 970 r
1543 928 1714 970 audebis

171 988 228 1031 ita
247 1004 437 1030 accusare
457 988 647 1039 alterum,
671 997 716 1028 ut
738 986 966 1044 quominus
999 997 1085 1028 tute
1105 989 1397 1039 condemnere,
1421 1001 1607 1029 recusare
1627 1002 1716 1029 non

170 1047 334 1110 possis?
371 1046 446 1089 Sin
479 1062 539 1102 pr
529 1046 795 1088 ctermittes·
783 1077 796 1098 ,
824 1045 963 1110 ‘qualis
985 1044 1058 1086 elit
1085 1044 1163 1087 ista
1183 1056 1254 1087 tua
1272 1045 1499 1097 accusatio,
1520 1060 1614 1102 quae
1636 1045 1712 1086 do-

170 1103 333 1146 mestici
362 1105 534 1161 periculi
569 1114 711 1174 metu,
737 1103 973 1167 certissimi,
1003 1115 1043 1145 et
1077 1103 1252 1145 maximi
1275 1102 1463 1145 criminis
1484 1118 1570 1144 non
1588 1103 1716 1145 modo

171 1161 470 1219 suspicionem,
494 1165 638 1204 velum
662 1161 785 1204 etiam
807 1161 1064 1203 mentionem
1084 1161 1215 1218 ipsam
1234 1161 1530 1218 pertimescat?
1577 1162 1714 1217 Emp-

171 1229 261 1267 tum
281 1230 408 1262 estex
430 1221 476 1263 S
502 1221 555 1262 C.
579 1220 836 1262 frumentum
861 1219 911 1261 ab
948 1219 1100 1261 Siculis
1140 1230 1314 1276 praetore
1342 1221 1488 1272 Verre,
1522 1234 1595 1276 pro
1630 1235 1716 1284 quo

171 1278 382 1321 frumento
405 1279 580 1336 pecunia
600 1278 740 1320 omnis
762 1278 896 1320 soluta
915 1293 1001 1319 non
1021 1288 1095 1320 est.

826 1345 863 1377 te
892 1345 1113 1377 accusante
1143 1336 1326 1378 nullum.

436 1395 657 1451 pecuniam
644 1386 891 1451 publicam
916 1403 958 1435 tu
982 1394 1210 1436 tractabas.
1245 1410 1295 1437 ex
1327 1410 1415 1467 qua
1445 1393 1608 1436 etiamsi
1638 1409 1716 1436 cu-

169 1337 362 1389 Verrem,
385 1352 505 1394 grave
525 1352 594 1378 me
617 1347 790 1394 agente.

171 1395 400 1438 Quaestor:

1160 1280 1295 1320 Grave
1313 1293 1353 1320 65
1358 1288 1374 1321 t
1393 1279 1473 1320 hoc
1496 1293 1653 1342 crimen
1671 1293 1716 1320 ιιι

172 1462 284 1510 peret
321 1455 494 1506 Praetor,
532 1464 672 1495 tamen
703 1468 756 1494 ne
792 1468 884 1517 qua
901 1452 1096 1494 deductio
1116 1453 1243 1505 fieret,
1265 1468 1422 1510 magna
1441 1468 1489 1494 ex
1513 1461 1627 1509 parte
1646 1461 1717 1495 tua

171 1519 352 1566 potestas
369 1520 467 1553 erat.

171 1567 288 1610 nulla
308 1568 392 1611 fiet.

172 1624 292 1667 furtis
323 1635 362 1668 et
396 1625 574 1696 injuriis.

529 1512 671 1568 Hujus
694 1526 858 1568 quoque
876 1509 1001 1567 igitur
1020 1510 1224 1576 criminis,
1244 1520 1282 1553 te
1299 1520 1538 1563 accusante,
1557 1510 1717 1552 mentio

454 1568 653 1612 Silebitur
673 1580 760 1611 toto
780 1568 939 1626 judicio
963 1569 1013 1609 de
1045 1569 1240 1610 maximis
1272 1580 1311 1611 et
1339 1568 1570 1611 notissimis
1605 1569 1716 1611 illius

635 1626 752 1669 Mihi
785 1627 917 1690 crede,
958 1625 1125 1679 Caecili,
1157 1643 1242 1668 non
1265 1637 1398 1683 potest
1419 1627 1460 1669 in
1483 1627 1716 1669 accusando
1735 1634 1782 1684 15

172 1683 307 1725 socios
329 1684 426 1731 vere,
450 1684 668 1726 defendere
702 1683 752 1737 is,
788 1684 859 1741 qui
891 1700 989 1725 cum
1026 1700 1093 1726 reo
1125 1685 1352 1727 criminum
1386 1684 1580 1727 societate
1610 1700 1716 1727 con-

164 1741 340 1799 junctus
365 1752 440 1784 est.

171 1810 335 1864 gerunt,

173 1858 242 1900 sed
281 1856 403 1923 etiam
443 1860 666 1902 Quaestore
699 1857 891 1901 Caecilio.

501 1742 762 1799 Mancipes
746 1759 771 1784 a
792 1741 1028 1784 civitatibus
1050 1758 1122 1798 pro
1145 1743 1353 1785 frumento
1374 1743 1598 1800 pecuniam
1617 1758 1714 1786 exe-

397 1799 545 1845 Quid?
581 1801 678 1853 hoc,
713 1802 843 1843 Verre
875 1801 1069 1852 Piaetore,
1107 1800 1265 1843 factum
1298 1811 1359 1842 est
1394 1801 1562 1843 solum?
1598 1817 1715 1844 non:

952 1858 1070 1902 Quid
1109 1859 1263 1917 igitur?
1299 1860 1501 1901 adaturus
1537 1874 1578 1900 es
1618 1858 1718 1902 huic

1755 127 1773 139 C*

1726 127 1776 163 10

450 297 549 336 Hoc
563 296 680 347 dieo,
706 306 758 347 te,
780 296 810 337 si
835 291 1017 338 maximi&
1041 311 1199 352 cupias,
1216 305 1354 335 tamen
1374 307 1514 333 verum
1537 304 1705 333 accusa·
1722 301 1777 335 520

753 355 802 395 X
796 355 884 396 ideo
905 355 1016 396 enim
1054 352 1258 410 peimuita
1284 366 1368 392 esse
1390 349 1580 401 crimina,
1601 363 1706 405 quo-

1757 1051 1780 1086 tn

1387 1339 1489 1378 Eras
1519 1334 1633 1377 enim
1669 1344 1714 1378 tu
1735 1344 1786 1378 10

173 1915 355 1968 crimini,
385 1917 495 1974 quod
527 1926 567 1958 et
597 1917 768 1973 potuisti
810 1915 1027 1973 prohibeie
1057 1932 1111 1958 ne
1123 1895 1274 1969 &fieren
1322 1926 1361 1959 et
1407 1916 1618 1960 debuisti?
1665 1926 1785 1961 anilo

172 1983 307 2017 totum
339 1973 381 2022 id
420 1975 654 2037 relinques?
700 1977 811 2034 Ergo
844 1974 883 2018 id
929 1974 1108 2018 omnino
1156 1977 1307 2018 Verres
1355 1974 1399 2018 in
1437 1974 1603 2034 judicio
1643 1991 1718 2019 suo

647 2110 664 2129 ²
682 2104 830 2156 olgjz'cz'es
847 2105 979 2148 crimen
999 2103 1083 2142 huie
1099 2103 1222 2143 Verri.

217 2245 269 2276 21.
287 2245 376 2277 Video
387 2244 566 2296 permulta]
592 2246 757 2290 Qartum
781 2243 924 2287 signum,

173 2290 266 2333 quod
282 2300 354 2322 curn
371 2291 411 2322 sit
428 2291 620 2333 conjunctus
645 2301 718 2322 cum
736 2300 792 2321 reo
817 2288 922 2320 affini-

172 2342 240 2372 tate
257 2335 442 2373 criminum,
456 2346 520 2366 non
537 2343 643 2376 potest
671 2334 844 2367 defendere
871 2345 921 2365 so·-

171 2379 239 2411 cios
255 2391 272 2410 a
289 2379 405 2422 quibus
415 2388 594 2412 accusatur.

218 2425 270 2454 23.
289 2425 332 2455 Ab
349 2425 543 2467 aratoribzcs.]
567 2427 725 2456 Aratores
747 2430 850 2460 erant,
865 2422 921 2465 qui

172 2469 455 2512 pop.Rom.agros
468 2470 689 2501 conduxerant
699 2468 739 2500 ad
752 2468 918 2499 arandum.

219 2514 271 2549 24·-
285 2514 422 2557 Cellam.]
440 2514 532 2546 Cella
544 2522 679 2545 vocatur
690 2512 859 2554 quodlibet
871 2524 921 2544 re-

118 2584 122 2586 ,
173 2557 378 2598 ceptaculum
394 2558 440 2590 rei
457 2559 653 2590 domesticae.
700 2557 764 2590 Hic
777 2560 853 2589 vero
869 2557 920 2588 in-

172 2601 296 2644 telligit
325 2614 486 2635 annonam
509 2604 673 2641 Praetoris,
699 2614 771 2645 quae
795 2602 826 2633 in
852 2601 920 2634 fru-

173 2646 276 2677 menti
289 2655 377 2679 certo
388 2659 505 2680 numer
508 2660 526 2680 o
538 2648 775 2690 praebebatur
760 2660 777 2678 a
795 2646 920 2688 Siculis,

174 2701 194 2721 a
210 2701 265 2732 qui
255 2690 326 2722 ibus
337 2692 459 2725 Verres
470 2701 502 2725 et
514 2693 684 2735 pecuniam
701 2704 761 2734 pro
776 2692 921 2723 frumen-

173 2742 210 2769 to
220 2735 339 2777 exegit,
356 2745 387 2768 et
406 2748 444 2769 eo
460 2738 576 2780 pretio,
592 2746 628 2769 ut
640 2749 700 2780 pro
717 2736 842 2768 duobus
856 2748 920 2767 ses-

173 2779 280 2811 tertiis
296 2780 460 2813 duodenos
475 2794 532 2824 per
547 2783 691 2825 singulos
713 2781 841 2814 modios
855 2781 921 2813 exi-

173 2832 278 2866 geret,
304 2825 403 2856 sexies
426 2826 597 2869 plusquam
624 2826 819 2860 merebatur
868 2826 923 2862 De

167 2868 325 2905 sestertiis
341 2869 464 2903 dictum
480 2879 527 2905 cst
544 2876 649 2915 supra.

1010 2244 1041 2275 ’7.
1058 2244 1203 2276 Emritnm
1225 2244 1293 2288 esa]
1319 2243 1429 2276 Sicilia
1450 2243 1549 2275 dabat
1565 2242 1717 2274 decuma-

966 2299 1046 2320 num
1070 2280 1226 2327 fructum,
1244 2289 1334 2331 quod
1349 2289 1389 2321 ab
1406 2288 1588 2320 aratoribus
1609 2287 1718 2329 exige-

966 2333 1062 2365 batur
1085 2333 1152 2365 sine
1180 2334 1305 2375 pretio.
1332 2342 1450 2377 praeter
1482 2334 1515 2364 id
1549 2332 1719 2364 emebatur

967 2378 1054 2409 aliud
1074 2391 1089 2409 a
1107 2378 1235 2414 Siculis,
1250 2390 1309 2421 pro
1323 2390 1386 2421 quo
1399 2390 1436 2410 ex
1451 2375 1716 2410 Senatusconsul-

967 2430 1001 2454 to
1017 2423 1154 2465 pecunia
1171 2424 1239 2454 solv
1241 2423 1366 2455 ebatur.

1014 2469 1062 2498 10.
1089 2468 1245 2511 Nullum]
1289 2468 1378 2500 Illius
1416 2465 1561 2498 criminis
1593 2464 1717 2497 nullam

967 2513 1169 2544 mentionem
1192 2512 1330 2550 fecisset,
1353 2513 1378 2544 si
1406 2519 1573 2543 accusator
1598 2510 1718 2542 consti-

967 2564 1057 2589 tutus
1071 2557 1183 2589 fuisset
1196 2558 1281 2589 Caeci
1285 2557 1356 2588 lius.

1018 2604 1066 2634 12.
1111 2602 1262 2633 Deductis>
1285 2601 1410 2641 fieret]
1466 2598 1632 2631 Deductio
1668 2606 1716 2631 est

969 2646 1086 2678 debitae
1117 2646 1263 2690 pecuniae
1296 2645 1530 2688 compensatio,
1559 2655 1633 2676 curn
1655 2654 1717 2686 pro

966 2703 1002 2723 re
1018 2692 1124 2735 aliqua
1146 2691 1235 2723 aliud
1260 2699 1498 2734 compensatur,
1522 2696 1554 2721 et
1571 2688 1716 2720 detrahi-

984 2747 1033 2767 ur.

966 2745 980 2768 t
1015 2783 1062 2812 17.
1086 2778 1276 2822 Mammea]
1304 2778 1478 2820 Mancipes
1501 2785 1594 2810 erant
1608 2776 1717 2820 publi-

969 2835 1123 2857 canorum
1134 2824 1296 2868 principes
1299 2847 1307 2863 ‚
1317 2825 1372 2867 qui
1385 2822 1577 2858 vesticalia
1563 2836 1579 2855 a
1593 2821 1716 2867 populo

967 2869 1182 2904 redimebant.

1626 2924 1716 2953 110ss
