1872 3140
149 150 200 188 14

660 142 723 184 M.
753 138 955 182 TULLII
981 136 1299 181 CICERONIS.

190 258 402 314 petitores:
432 252 502 298 sed
530 257 601 307 ita,
629 265 758 297 totam
799 265 845 295 ut
874 252 1113 309 petitionem
1146 253 1230 309 ipse
1261 255 1384 303 solus,
1414 251 1535 294 etiam
1562 249 1716 294 invitis·

190 317 281 365 illis,
321 316 588 370 gubernaret:
628 322 714 353 tota
754 320 800 352 ut
841 309 1002 351 comitia
1037 310 1135 359 suis,
1174 321 1219 352 ut
1263 311 1482 359 dictitabat,
1521 308 1716 349 humeris

57 398 80 403 ν
127 379 175 416 15
192 372 432 419 sustineret5
462 370 706 410 convocabat
735 367 885 409 tribus:
914 381 955 407 se
984 367 1288 420 interponebat:
1316 367 1515 408 coloniam
1535 379 1719 416 novatus

191 431 396 470 delectum
436 425 796 481 perditissimorum
839 424 1035 464 scribebat
1077 423 1251 473 civium3
1295 421 1448 479 quanto
1491 423 1702 477 ille-plura

193 491 208 505 ⁸
222 486 428 533 miscebat,
449 480 564 523 tanto
584 483 652 523 hic
670 481 796 537 magis
817 483 858 521 in
873 481 958 521 dies
977 481 1292 521 convalescebat.
1352 481 1438 521 Ubi
1452 480 1553 520 vidit
1573 480 1699 520 homo

191 544 243 583 ad
276 556 398 582 omne
425 538 579 580 facinus
608 539 875 594 paratissimus
904 536 1168 578 fortissimum
1195 537 1344 586 virum,
1383 536 1703 585 inimicissimum

135 607 140 613 '
195 615 326 646 suum,
356 595 622 638 certissimum
651 597 894 638 Consulem:
924 595 1046 648 idque
1075 594 1278 635 intellexit
1296 607 1380 634 non
1401 590 1532 633 solum
1552 594 1705 634 sermo-

127 666 181 700 20
196 658 329 705 nibus,
359 655 429 695 sed
457 655 579 694 etiam
607 652 805 709 suffragiis
838 652 985 707 populi
1020 651 1142 692 Rom.
1187 665 1291 705 saepe
1321 664 1404 691 esse
1431 649 1706 698 declaratum3

195 712 328 767 palam
349 725 468 766 agere
499 711 637 765 coepit,
657 721 698 751 et
716 708 852 764 aperte
874 710 1022 756 dicere,
1057 707 1324 749 occidendum
1363 706 1591 758 Milonem5
1625 719 1708 747 ser-

197 785 266 810 vos
296 779 470 823 agrestes
500 779 539 808 et
569 769 771 816 barbaros,
803 767 945 821 quibus
975 766 1089 806 silvas
1119 766 1294 819 publicas
1324 764 1588 818 depopulatus
1608 772 1707 812 erat,

197 827 483 880 Etruriamque
521 823 701 873 vexarat,
740 839 792 865 ex
837 822 1058 877 Apennino
1088 823 1329 871 deduxerat,
1360 835 1461 875 quos
1490 818 1710 860 videbatis:

197 899 261 924 res
290 894 375 925 erat
395 881 571 922 minime
601 883 794 930 obscura3
840 880 992 921 etenim
1032 876 1164 933 palam
1205 879 1428 927 dictitabat,
1456 876 1710 918 consulatum

127 948 181 984 25
199 941 349 982 Miloni
377 940 477 994 eripi
507 953 591 979 non
620 954 750 994 posse,
768 938 893 978 vitam
921 951 1062 991 posse3
1095 935 1331 991 significavit
1352 936 1430 976 hoc
1450 948 1555 992 saepe
1575 933 1618 975 in
1637 931 1712 975 Se-

199 1009 316 1049 natu,
346 998 450 1038 dixit
493 997 536 1037 in
577 996 792 1037 concione:
822 995 922 1049 quin
959 994 1081 1034 etiam
1123 994 1317 1043 Favonio,
1362 991 1581 1033 fortissimo
1609 989 1712 1038 viro,

201 1055 401 1110 quaerenti
431 1069 483 1095 ex
512 1067 574 1102 eo,
605 1052 686 1108 quai
713 1066 785 1107 spe
814 1052 966 1093 fureret
997 1051 1154 1092 Milone
1183 1051 1291 1101 vivo,
1317 1050 1541 1104 respondit,
1561 1047 1726 1096 nidum·

201 1114 333 1160 illum,
378 1112 426 1151 ad
476 1126 679 1151 summum
728 1110 942 1164 quatriduo
989 1109 1239 1161 periturum:
1280 1122 1402 1162 quam
1445 1119 1588 1146 vocem
1629 1105 1713 1157 ejus

203 1171 255 1210 ad
300 1171 410 1210 hunc
453 1168 515 1208 M.
562 1168 760 1208 Catonern
802 1168 936 1207 statim

977 1165 1175 1205 Favonius
1204 1165 1361 1206 detulit.
1420 1163 1589 1203 Interim
1618 1160 1715 1202 cum

132 1234 186 1271 30
203 1228 320 1267 sciret
349 1225 517 1266 Clodius
567 1228 716 1279 (neque
765 1225 875 1264 enim
919 1233 1001 1263 erat
1047 1222 1212 1264 difficile
1257 1221 1375 1272 scire)
1415 1221 1490 1261 iter
1519 1221 1716 1268 solemne,

202 1284 444 1338 legitimum,
489 1295 770 1329 necessarium,
816 1292 908 1320 ante

1251 1278 1425 1319 Kalend.
1468 1277 1586 1317 Febr.
1630 1275 1716 1315 Mi-

954 1280 1061 1320 diem
1105 1280 1190 1318 xiii.

202 1340 286 1382 loni
330 1354 413 1381 esse
460 1339 692 1380 Lanuvium
740 1338 792 1378 ad
840 1338 1065 1378 Flaminem
1112 1332 1127 1353 ¹³
1147 1336 1421 1391 prodendum,
1469 1330 1582 1388 quod
1629 1342 1715 1374 erat

621 1502 888 1554 ἓρι’νίιινῖιαὺαέ.

250 1673 301 1705 15.
318 1670 513 1702 convocabat
539 1669 661 1710 tribus]
684 1669 831 1702 Primum
854 1677 938 1702 totus

203 1716 517 1757 ‘populusRomanus
529 1716 560 1745 in
572 1722 632 1746 tres
640 1721 742 1754 partes
754 1721 797 1745 est
810 1715 940 1753 divisus,

206 1761 293 1791 unde
312 1759 412 1790 tribus
425 1759 517 1789 dictae
529 1765 619 1788 sunt.
663 1758 723 1788 Sed
739 1757 846 1796 postea
872 1767 940 1787 cre·

205 1811 314 1833 scente
329 1801 449 1842 populo
463 1802 504 1832 ad
517 1802 644 1841 triginta
659 1801 804 1841 quinque
819 1808 943 1831 servato

207 1846 302 1886 priori
314 1847 444 1875 nomine
457 1850 676 1884 pervenerunt.
712 1842 810 1874 Porro
832 1843 893 1874 illae
911 1844 944 1874 in

208 1889 312 1919 curias
323 1889 430 1918 divisae
443 1895 530 1925 sunt,
553 1888 586 1917 in
601 1887 720 1928 quibus
739 1894 892 1926 tanquam
912 1888 945 1917 in

209 1932 305 1971 septis
316 1940 521 1972 unaquaeque
533 1931 633 1961 tribus
644 1930 864 1960 continebatur
876 1937 956 1961 tern-

210 1984 288 2015 pore
302 1976 519 2004 comitiorum.
538 1976 587 2005 At
603 1974 733 2004 Clodius
745 1974 856 2012 agebat
872 1983 952 2007 curn

210 2018 319 2054 curiis,
345 2024 383 2055 lut
411 2017 525 2056 rejecto
552 2017 689 2053 Milone,
704 2015 885 2052 Metellum,
901 2017 951 2048 vel

212 2061 395 2103 Hypsaeum
408 2061 480 2090 Cos.
498 2060 728 2090 renunciarent.

259 2104 306 2135 lb.
322 2101 483 2134 Coloniam
497 2113 608 2134 nocam
620 2102 794 2142 scrihebat]
821 2103 952 2134 Clodius

216 2147 427 2188 pollicebatur
443 2156 476 2176 se
490 2147 704 2177 deducturum
719 2146 880 2177 coloniam
895 2157 954 2178 no-

215 2200 305 2228 vam,
317 2190 343 2220 si
359 2190 535 2220 Praeturam
549 2195 775 2229 assequeretur.
797 2190 832 2219 Id
843 2197 953 2220 autem

217 2233 356 2271 dicebat,
376 2239 413 2263 ut
438 2233 477 2262 ad
503 2241 575 2262 suas
601 2240 703 2271 partes
728 2242 878 2272 pauperes
899 2234 953 2263 ad-

218 2278 360 2312 duceret,
390 2285 566 2315 eorumque
593 2277 686 2305 ferret
709 2277 870 2315 suffragia,
899 2286 954 2316 spe

218 2323 382 2359 agrorum,
399 2318 423 2348 si
441 2319 499 2358 ipsi
515 2319 753 2350 deducerentur.

266 2363 315 2393 16.
327 2361 472 2393 Scribebat
480 2360 605 2403 civium]
621 2362 681 2392 Eos
695 2360 786 2400 porro
799 2361 956 2392 scribebat

220 2415 288 2436 non
305 2411 372 2436 tam
387 2405 425 2436 ad
447 2405 616 2436 ferendum
639 2405 837 2443 suffragium,
853 2403 953 2444 quam

220 2450 261 2479 ad
276 2449 344 2480 vim
356 2448 546 2479 faciendam.

268 2493 317 2522 17.
332 2490 414 2530 Hie]
431 2491 516 2523 Milo
526 2491 640 2523 certior
650 2487 842 2522 Consulatus
853 2490 958 2522 fiebat.

267 2535 318 2565 21.
337 2534 437 2565 Servos
459 2533 608 2576 agrestes]
636 2535 708 2564 Fuit
735 2534 958 2564 Romanorum

224 2578 364 2608 divitum
385 2579 594 2614 consuetudo,
619 2584 655 2608 ut
672 2576 790 2608 multos
805 2586 910 2607 servos
925 2579 957 2608 in

225 2621 306 2659 agris
316 2621 448 2656 alerent,
459 2629 490 2651 et
500 2630 581 2661 saepe
590 2621 655 2650 suis
668 2621 701 2650 in
714 2620 838 2660 praediis
847 2620 957 2650 decern

225 2672 339 2694 eorum
355 2663 457 2694 millia
472 2665 630 2695 haberent.

270 2707 321 2736 22.
341 2706 512 2745 Barbaros]
543 2706 608 2746 Qui
631 2706 887 2737 convocabantur
919 2716 959 2735 ex

226 2747 298 2778 aliis
327 2750 508 2780 nationibus
530 2751 653 2780 barbari
680 2750 875 2784 dicebantur,
910 2748 959 2778 vel

228 2791 304 2829 quia
318 2790 476 2831 peregrini
503 2791 611 2833 linguai
625 2794 808 2830 utebantur,
825 2791 874 2822 vel
887 2793 960 2831 quia

227 2834 372 2865 moribus
387 2841 475 2865 erant
491 2837 660 2867 immanes.

269 2875 319 2907 lb.
333 2875 421 2908 Silvas
439 2878 570 2919 publicas
589 2878 780 2922 depopulatus
799 2878 886 2918 erat-1
909 2879 965 2910 In-

1573 1389 1718 1433 Dicta-

1047 1500 1062 1522 ¹³
1077 1500 1330 1540 nominandum.

981 1667 1101 1699 vidiose‘
1118 1670 1151 1699 in
1173 1668 1322 1699 Clodium
1345 1666 1514 1708 loquium*
1528 1672 1639 1707 utpote
1664 1667 1722 1707 qui

984 1712 1116 1748 illorum
1129 1722 1298 1742 servorum
1324 1720 1460 1742 numero
1491 1709 1530 1742 ad
1546 1709 1723 1751 perniciem

958 1773 961 1778 Α
985 1756 1125 1794 Reipub.
1141 1756 1340 1794 abutebatur.

1028 1801 1079 1829 23.
1091 1798 1143 1828 Ex
1154 1795 1336 1839 Apennino]
1363 1798 1458 1828 Mons
1470 1803 1517 1828 est
1535 1797 1724 1836 Apenninus

988 1848 1138 1882 perpetuo
1154 1839 1214 1872 fere
1229 1842 1320 1872 dorso
1341 1841 1466 1872 Italiam
1482 1840 1515 1872 in
1531 1841 1608 1872 duas
1621 1846 1726 1881 partes

989 1886 1141 1915 dividens.
1491 1911 1494 1915 ,

1043 1930 1095 1958 ³26.
1112 1927 1268 1966 Favonio]
1296 1929 1454 1960 Favonius
1464 1927 1512 1959 vir
1526 1927 1589 1960 fuit
1600 1925 1733 1958 amicis-'

997 1973 1099 2002 simus
1115 1971 1242 2009 Catoni,
1258 1978 1290 2002 et
1311 1971 1380 2011 ejus
1402 1971 1590 2005 constantiae
1604 1976 1636 2002 et
1650 1969 1729 2001 doc·

996 2016 1087 2047 trinae
1101 2014 1251 2047 aemulus.

1036 2061 1086 2089 29.
1105 2058 1156 2089 Ad
1177 2059 1249 2088 hunc
1264 2058 1425 2098 Catonem]
1457 2060 1487 2089 Is
1508 2063 1556 2087 est
1577 2057 1658 2088 Cato
1671 2057 1727 2096 qui

995 2100 1102 2142 postea
1119 2102 1276 2132 Uticensis
1291 2103 1394 2132 dictus
1410 2107 1470 2140 est,
1486 2106 1518 2132 et
1535 2107 1605 2131 tum
1626 2099 1728 2138 judex

996 2146 1131 2180 sedebat.

1038 2190 1090 2219 30.
1106 2187 1127 2217 I
1128 2194 1170 2217 ter
1183 2187 1326 2230 solemne]
1350 2186 1496 2218 Solemne
1511 2185 1627 2217 dicitur
1643 2185 1730 2226 quod

997 2233 1089 2262 certis
1105 2232 1298 2270 temporibus
1315 2231 1361 2261 fit.

1039 2275 1089 2305 31.
1106 2272 1304 2315 Legitimum]
1335 2274 1538 2313 Legitimum
1566 2279 1614 2303 est
1642 2272 1730 2313 quod

997 2318 1065 2358 lege
1092 2318 1129 2348 fit
1159 2324 1192 2348 et
1224 2327 1325 2354 more,
1355 2317 1489 2358 ideoque
1517 2317 1738 2360 necessarium-

998 2367 1154 2392 censetur.

1039 2404 1087 2434 lb.
1119 2404 1197 2435 Ante
1223 2403 1294 2435 diem
1316 2404 1382 2434 xiii.
1402 2402 1467 2434 Kal.
1492 2401 1594 2445 Febr]
1614 2401 1650 2433 ld
1672 2407 1731 2445 est,

998 2448 1083 2478 diem
1101 2447 1240 2478 Ianuarii
1256 2447 1456 2485 vigesimum.

1041 2492 1094 2522 59.
1111 2488 1300 2531 Lanuvium]
1314 2491 1502 2521 Lanuvium
1515 2488 1734 2530 municipium

1000 2534 1059 2564 fuit
1074 2534 1161 2574 quod
1176 2534 1270 2563 distat
1284 2533 1323 2563 ab
1340 2533 1417 2563 urbe
1433 2529 1538 2564 Roma
1552 2532 1654 2564 stadia
1667 2532 1732 2561 fere

1001 2583 1144 2612 centum,
1162 2578 1248 2617 quod
1272 2574 1290 2606 ἐι
1315 2576 1471 2606 Diomede
1497 2582 1568 2616 post
1590 2576 1740 2606 eversamv

1001 2620 1130 2658 Trojam
1146 2621 1179 2650 in
1193 2619 1319 2651 Italiam
1339 2620 1470 2649 advecto
1491 2620 1657 2650 conditum
1673 2624 1734 2654 est,

1002 2670 1039 2693 ut
1057 2665 1147 2694 refert
1162 2665 1325 2703 Appianus
1349 2663 1404 2693 lib.
1421 2665 1452 2692 2.
1464 2662 1538 2693 bell.
1557 2661 1640 2693 civil.
1685 2659 1733 2690 lbi

1002 2715 1067 2736 erat
1088 2706 1102 2735 J
1110 2708 1222 2737 anonis·
1237 2707 1367 2745 Sospitae
1388 2705 1549 2746 templum
1569 2703 1734 2736 celeberri-
1769 2742 1772 2745 Ι

1004 2759 1109 2785 mum,
1126 2751 1178 2791 cui
1196 2748 1214 2779 ὲ
1231 2749 1389 2779 Dictatore
1415 2748 1549 2789 singulis
1571 2747 1662 2779 annis
1685 2755 1735 2777 sa-

1003 2793 1110 2822 cerdos
1126 2792 1387 2823 constituebatur.
1504 2828 1507 2831 ¹

1050 2835 1096 2865 lb.
1125 2834 1311 2876 Hominem]
1344 2834 1474 2865 Flamen
1503 2842 1623 2867 nomen
1647 2841 1737 2863 com-

1007 2887 1106 2910 mune
1133 2879 1194 2910 fuit
1218 2879 1432 2916 sacerdotum,
1449 2886 1526 2909 nam
1548 2875 1680 2909 Flamen
1700 2884 1737 2904 e-

1684 2924 1733 2951 rat
