1872 3135
574 123 804 170 ORATIO
836 122 949 168 PRO
978 123 1049 168 M.
1081 122 1313 167 COELIO.

125 242 190 284 his
196 241 289 299 jam
309 242 500 285 aetatibus
522 241 674 284 nostris
694 244 704 270 ¹
733 240 1007 284 contractiora
1026 254 1113 282 esse
1130 239 1309 291 debent3
1340 237 1385 279 in
1415 236 1652 279 adolescen-

125 300 183 342 tia
202 301 311 351 vero,
335 309 533 358 tanquam
557 301 601 342 in
622 299 775 353 herbis,
798 298 1049 356 significant,
1071 313 1166 355 quae
1189 296 1346 339 virtutis
1367 295 1596 346 maturitas,
1616 302 1656 335 et

123 365 290 413 quantae
310 356 447 415 fruges
477 357 689 400 industriae
711 358 792 400 sint
811 358 975 400 futurae.
1034 355 1205 398 Etenim
1236 366 1396 410 semper
1413 367 1567 410 magno
1587 351 1654 393 in-

124 414 247 471 genio
267 414 545 458 adolescentes
577 415 806 458 refrenandi
840 414 978 472 potius
1001 415 1027 456 ἐι
1046 413 1176 471 gloria
1196 415 1323 470 quam
1342 409 1543 453 incitandi
1564 408 1654 473 fue3
1679 411 1732 450 65

125 481 248 514 runt:
281 474 535 529 amputanda
549 474 666 529 plura
682 482 778 515 sunt
800 473 858 516 illi
879 471 1005 523 aetati,
1027 471 1232 528 siquidem
1261 466 1481 512 efflorescit
1501 467 1658 525 ingenii

123 528 332 582 laudibus,
362 532 493 588 quam
512 540 536 556 “¹
556 531 784 573 inserenda.

858 530 1017 581 Quare,
1050 529 1082 570 si
1113 527 1182 569 cui
1202 526 1386 569 nimium
1406 534 1422 552 ¹¹
1442 525 1656 568 efferbuis-

125 602 167 629 se
186 587 345 631 videtur
365 589 506 646 hujus,
536 589 598 631 vel
629 586 673 630 in
703 584 991 643 suscipiendis,
1023 585 1084 627 vel
1112 584 1157 626 in
1192 585 1378 639 gerendis
1412 582 1660 634 inimicitiis,

122 645 200 698 vis,
223 646 430 699 ferocitas,
467 646 688 704 pertinacia
701 661 714 698 3
748 645 782 686 si
801 658 925 702 quem
965 642 1090 684 etiam
1109 641 1386 684 minimorum
1413 643 1566 684 horum
1587 640 1662 683 ali-

127 704 227 759 quid
247 704 418 746 offendit
429 720 443 757 3
476 704 510 745 si
528 710 544 726 ⁰
563 717 755 759 purpurae
774 715 920 759 genuS,
945 700 979 741 si
997 700 1230 742 amicorum
1257 708 1444 751 catervae,
1468 699 1503 741 si
1523 699 1662 755 splen·
1684 703 1741 751 70

126 762 219 814 dor,
255 764 288 805 si
323 762 473 804 nitorz.
484 761 577 818 jam
610 760 689 802 ista
718 756 1021 811 deferbuerint;
1047 758 1140 812 jam
1171 765 1269 798 aetas
1302 757 1459 808 omnia,
1474 757 1566 814 jam
1587 756 1664 799 ista

127 820 212 862 dies
232 817 447 876 mitigarit.
509 818 760 860 conservate
781 817 905 875 igitur
933 814 1190 872 reipublicae,
1211 813 1398 868 judiees,
1421 814 1556 856 civem
1583 813 1661 856 bo-

127 893 277 920 narum
307 875 473 927 artium,
508 875 715 918 bonarum
746 875 942 932 partium,
979 873 1188 916 bonorum
1222 871 1430 924 virorum3
1463 871 1663 928 promitto

128 937 210 978 hoc
231 934 363 986 vobis,
385 943 426 975 et
445 933 686 990 reipublicae
702 933 901 990 spondeo,
924 933 959 974 si
989 931 1118 973 modo
1139 945 1215 972 nos
1235 930 1314 986 ipsi
1332 929 1574 986 reipublicae
1595 945 1660 972 sa-

127 991 372 1043 tisfecimus‚
393 1006 614 1049 nunquam
634 992 748 1034 hunc
782 991 804 1033 a
842 989 993 1032 nostris
1026 987 1256 1031 rationibus
1279 990 1517 1044 sejunctum
1549 987 1661 1040 fore3
1690 991 1742 1034 75

129 1050 241 1108 quod
275 1052 377 1092 cum
407 1049 533 1091 fretus
554 1053 698 1092 nostra
715 1047 990 1091 familiaritate
1024 1047 1238 1103 promittO,
1263 1054 1355 1088 tum
1385 1046 1497 1102 quod
1532 1045 1667 1088 duris-

129 1108 246 1152 simis
267 1123 308 1150 se
342 1107 428 1163 ipse
447 1107 607 1165 legibus
629 1108 722 1164 jam
741 1106 948 1164 obligarit.
1007 1105 1161 1162 Neque
1181 1104 1296 1145 enim
1323 1111 1473 1159 potest,
1494 1103 1566 1160 qui
1588 1104 1667 1146 ho-

128 1166 289 1210 minem
308 1164 585 1215 consularem,
608 1165 720 1222 quod
741 1164 792 1206 ab
814 1180 862 1206 eo
882 1162 1184 1220 rempublicam
1207 1161 1403 1203 violatam
1435 1161 1603 1214 diceret,
1625 1161 1669 1204 iu

122 1223 334 1283 judicium
352 1222 529 1275 vocarit,
567 1222 654 1279 ipse
684 1237 772 1264 esse
801 1221 846 1264 in
882 1221 1093 1278 republica
1127 1220 1228 1262 civis
1259 1217 1546 1261 turbulentus:
1579 1235 1667 1262 non

133 1290 283 1339 potest,
305 1281 378 1338 qui
412 1280 571 1323 ambitu
591 1295 644 1323 ne
663 1279 903 1323 absolutum
938 1279 1107 1338 quidem
1128 1277 1281 1334 patitur
1300 1290 1388 1319 esse
1410 1277 1666 1331 absolutum,
1695 1283 1748 1317 80

122 1340 219 1396 vipse
239 1339 416 1396 impune
436 1354 626 1397 unquam
648 1354 735 1381 esse
756 1338 935 1396 largitor.
971 1336 1110 1380 Habet
1129 1338 1154 1379 a
1173 1336 1240 1379 M.
1259 1335 1401 1377 Coelio
1421 1334 1669 1392 respublica,

132 1396 319 1449 judices,
341 1397 442 1439 duas
464 1397 749 1439 accusationes
769 1397 831 1438 vel
852 1395 1014 1438 obsides
1045 1393 1217 1451 periculi
1234 1393 1296 1435 vel
1317 1392 1490 1450 pignora
1520 1393 1670 1436 volun-

134 1455 245 1499 tatis.

307 1455 451 1498 Quare
483 1469 571 1504 or0,
590 1454 856 1510 obtestorque
890 1467 978 1505 vos,
1012 1452 1198 1505 Judices,
1236 1461 1283 1494 ut
1312 1455 1396 1508 qua
1429 1451 1475 1494 in
1509 1450 1675 1494 civitate

138 1511 280 1570 paucis
299 1512 364 1554 his
381 1511 525 1554 diebus
542 1514 655 1554 Sext.
680 1512 854 1555 Clodius
874 1510 1087 1554 absolutus
1104 1510 1171 1562 sit,
1195 1524 1322 1574 quem
1334 1524 1405 1551 vos
1422 1524 1494 1566 per
1504 1509 1673 1552 bienni-

139 1586 214 1614 um
227 1578 296 1612 aut
309 1569 548 1613 ministrum
567 1569 797 1622 seditionis,
817 1580 886 1612 aut
906 1569 1056 1611 ducem
1077 1566 1239 1610 vidistis
1256 1584 1270 1620 3

138 1627 210 1686 qui
231 1643 405 1670 censum
425 1627 570 1684 populi
603 1628 801 1681 Romani,
841 1627 913 1685 qui
941 1624 1189 1669 memoriam
1222 1624 1308 1682 pub
1328 1625 1437 1667 icam
1472 1626 1556 1668 suis
1586 1641 1679 1670 ma-

193 1768 344 1808 ¹mimis
360 1770 536 1809 ardentia.
605 1776 631 1794 ¹¹¹
648 1771 887 1809 concedenda.

191 1914 242 1945 63.
261 1914 418 1956 Tanquam
441 1913 473 1944 in
494 1913 616 1959 herbis]
632 1913 845 1946 Proverbium
859 1921 891 1945 et

146 1958 336 2001 metaphora
361 1966 489 2000 sumpta
515 1957 533 1990 a
564 1958 726 2002 segetibus
763 1958 890 1996 teneris,

145 2010 226 2034 teste
253 2003 398 2040 Erasmo,
414 2002 454 2034 de
480 2003 596 2043 quibus
620 2003 700 2034 nihil
727 2003 804 2034 ceiti
833 2002 893 2038 sibi

143 2054 251 2090 potest
281 2056 408 2090 sperare
433 2047 586 2089 agricola,
613 2048 714 2080 donec
730 2046 772 2080 ad
787 2055 895 2079 matu-

145 2092 278 2124 ritatem
287 2092 507 2134 ‹pei-venerint.

190 2137 243 2168 ¹71.
268 2137 344 2169 Jam
359 2136 419 2167 istu
443 2135 666 2177 deferbuerint]
694 2136 733 2169 ld
757 2144 815 2175 est,
830 2136 894 2168 fer·

146 2190 262 2213 vorem
277 2190 372 2213 suum
387 2180 578 2220 remiserint,
595 2190 631 2212 ae
647 2181 746 2214 veluti
761 2181 895 2214 refrixe-

147 2233 227 2257 rint.

193 2270 247 2300 77.
275 2268 436 2300 Hominem
466 2267 677 2312 consularem]
713 2269 897 2302 Antonium

149 2313 362 2346 Consularem
377 2313 508 2345 vocavit
533 2313 567 2345 in
589 2313 760 2357 judicium,
782 2322 818 2346 ut
831 2315 898 2360 jam

150 2356 266 2400 saepitrs
281 2357 373 2389 dixit.

196 2402 249 2433 78.
280 2401 429 2433 Violatam
459 2401 591 2442 diceret]
623 2403 711 2448 Qia
732 2403 899 2435 Antonius

151 2444 236 2477 visus
260 2445 415 2478 studuisse
432 2446 593 2484 Catilinae,
615 2451 785 2491 propterea
811 2448 902 2486 dicit,

154 2488 196 2521 ab
213 2499 251 2520 eo
261 2488 414 2521 violatam
428 2500 495 2524 esse
510 2493 774 2535 Rempublieam,
788 2492 902 2525 dixisse

157 2533 306 2566 Coelium.

201 2579 253 2628 3⁰:
268 2577 468 2620 Absolutum]
497 2581 549 2613 De
576 2580 657 2614 Pola
681 2580 839 2621 loquitur,
864 2580 903 2613 de

158 2633 225 2666 quo
235 2632 301 2665 jam
316 2633 412 2666 saepe.

201 2667 253 2698 8⁴2.
269 2666 391 2698 Obsides
408 2667 564 2711 pericula]
586 2669 750 2707 Ostendit,
762 2668 844 2701 nihil
857 2681 905 2701 es-

158 2722 191 2743 se
204 2710 338 2754 periculi
351 2711 561 2743 metuendum
575 2712 593 2746 ὲ
610 2714 726 2752 Coelio,
740 2716 817 2756 quia
831 2714 909 2746 duas

158 2755 230 2787 illas
242 2756 457 2787 accusationes
481 2763 635 2798 tanquam
656 2757 731 2790 fidei
743 2770 806 2790 suae
820 2757 907 2790 obsi-

159 2800 214 2833 des
227 2810 304 2843 erga
319 2799 565 2843 Rempublicam
577 2801 677 2833 dedit.

203 2844 256 2876 84.
272 2845 356 2878 Sext.
374 2843 515 2888 Clodius]
546 2846 662 2879 Sextus
686 2844 820 2881 clodius
846 2844 908 2880 fuit

961 1770 1179 1821 ”flag1·dsse.
1245 1772 1262 1790 ⁰
1275 1770 1452 1820 elegantia
1471 1770 1629 1808 ornatas.

935 1911 1016 1945 Pub.
1033 1911 1140 1943 Clodii
1154 1911 1419 1944 familiarissimus
1442 1921 1474 1944 et
1489 1913 1604 1953 scriba,
1630 1917 1681 1948 cui

935 1957 1066 1998 quidem
1079 1957 1146 1998 ejus
1162 1957 1270 1988 omnia
1285 1957 1410 2000 flagitia
1424 1957 1540 1990 tribuit
1557 1960 1686 1999 Cicero,

938 2001 1011 2044 quia
1032 2001 1065 2032 in
1082 2001 1119 2032 iis
1135 2001 1295 2044 patrandis
1312 2013 1350 2033 eo
1367 2011 1440 2033 usus
1457 2011 1504 2035 est
1524 2003 1683 2046 adjutore.

939 2047 1038 2078 Hunc
1056 2047 1188 2078 Sextum
1206 2045 1359 2078 Clodium
1382 2046 1464 2078 mire
1479 2047 1629 2080 describit
1651 2049 1684 2081 in

937 2093 1031 2123 Orat.
1050 2101 1110 2133 pro
1127 2091 1445 2122 Dama—Locum
1459 2092 1600 2125 consule.

984 2136 1035 2166 84.
1051 2137 1110 2165 Per
1125 2134 1302 2179 biennium]
1328 2135 1383 2167 Ab
1407 2146 1445 2167 eo
1458 2144 1604 2180 tempore
1620 2149 1685 2182 quo

939 2179 1055 2212 transit
1078 2179 1120 2211 ad
1134 2179 1276 2223 plebem,
1291 2179 1328 2211 ad
1350 2179 1490 2212 reditum
1505 2192 1605 2225 usque
1632 2184 1687 2215 Ci-

941 2224 1062 2257 ceronis
1094 2223 1264 2256 biennium
1297 2224 1373 2262 suit,
1408 2235 1473 2266 quo
1508 2233 1578 2258 toto
1601 2236 1685 2259 tem·

940 2281 1019 2313 pore
1036 2268 1170 2301 Clodius
1184 2268 1358 2301 seditiones
1380 2269 1413 2300 in
1436 2270 1616 2313 Republica
1635 2282 1688 2303 ex·

943 2314 1063 2346 citavit.

987 2359 1038 2390 85.
1062 2356 1160 2390 AEcles
1174 2356 1295 2397 sacras]
1322 2358 1425 2390 AEdes
1439 2358 1483 2391 ait
1508 2358 1602 2396 elate,
1615 2368 1691 2391 nam

943 2402 1048 2436 solum
1075 2403 1305 2445 Nympharum
1342 2403 1501 2442 templum
1539 2403 1693 2436 incendit.

946 2445 1030 2480 Cum
1046 2446 1121 2478 urbs
1144 2448 1236 2479 variis
1262 2447 1416 2478 incendiis
1432 2448 1578 2483 obnoxia,
1598 2456 1690 2486 esset,

945 2491 1152 2523 crediderunt
1168 2502 1230 2534 ope
1256 2492 1385 2523 tantum
1402 2490 1531 2523 illarum
1555 2492 1593 2524 iis
1607 2492 1693 2534 igni-

945 2535 1006 2568 bus
1031 2547 1122 2578 posse
1152 2536 1324 2574 subveniri,
1354 2543 1466 2577 utpote
1503 2547 1575 2577 quae
1605 2538 1695 2578 aquis

947 2588 1135 2624 praeessent:
1159 2591 1256 2623 quare
1272 2580 1309 2610 iis
1326 2580 1425 2610 aedem
1439 2583 1672 2613 consecratum.

994 2626 1045 2656 86.
1092 2625 1216 2656 censum
1256 2625 1362 2664 populi
1406 2624 1507 2668 Rom]
1552 2627 1589 2656 In
1627 2625 1696 2657 sede

949 2668 1182 2712 Nympharum
1213 2667 1348 2711 publicae
1373 2667 1500 2706 tabulae,
1522 2668 1555 2700 in
1578 2669 1698 2711 quibus

950 2722 1023 2746 tum
1058 2714 1191 2744 nomina
1223 2713 1456 2750 Romanorum,
1481 2721 1550 2745 tum
1586 2714 1699 2745 unius-

951 2759 1105 2800 cujusque
1144 2766 1255 2788 census
1285 2756 1535 2795 describebatur,
1559 2768 1702 2795 asserva-2„

953 2802 1081 2834 bantur.
1153 2800 1251 2841 [vide
1284 2801 1379 2833 Orat.
1410 2811 1471 2844 pro
1497 2802 1639 2840 Milone,
1663 2812 1695 2844 p.

1042 2902 1071 2929 T
1094 2897 1117 2929 2
1578 2888 1700 2931 nibus

1645 128 1725 164 545

1335 1566 1377 1608 ui
1397 1567 1503 1609 aedes
1523 1583 1673 1620 sacras,
1699 1571 1749 1608 85
