1872 3135
852 163 1017 209 VITA.
1670 162 1745 206 xxi

139 281 260 325 Dixit
279 281 422 323 eodem
447 285 556 323 anno
577 296 650 335 pro
669 279 824 331 Bestia,
846 279 896 322 de
917 279 1097 333 ambitu,
1115 278 1222 336 apud
1241 287 1457 336 praetorem
1480 277 1563 319 Cn.
1581 278 1741 320 Domi-

142 340 246 381 tium
285 340 328 381 in
363 340 452 381 foro
488 339 641 391 medin,
668 338 854 380 maximo
876 347 1096 380 conventu.
1158 337 1301 380 Nonis
1322 335 1452 393 April.
1477 335 1632 377 factum
1663 337 1742 379 fuit

140 395 545 440 senatusconsultum
578 397 620 438 in
645 396 861 439 Ciceronis
879 396 1144 448 sententiam,
1167 405 1213 437 ut
1233 397 1282 437 de
1300 410 1396 453 agro
1420 394 1640 448 Campano
1659 394 1740 435 fre-

140 455 283 512 quenti
304 457 455 497 Senatu
478 455 623 496 Idibus
645 454 750 497 7vMaii
782 454 1007 504 referretur.
1071 455 1169 495 Hoc
1188 454 1334 495 eodem
1359 467 1470 495 anno
1490 451 1623 493 multa
1644 467 1740 508 pro-

140 512 253 569 digia
282 512 390 555 facta
425 524 536 563 sunt,
569 513 618 553 de
651 512 802 569 quibus
829 511 1007 554 consulti
1032 511 1269 566 haruspices
1293 510 1606 567 responderunt,
1630 510 1742 565 quod

140 570 232 612 loca
260 586 374 613 sacra
392 580 430 611 et
453 570 639 627 religiosa
662 570 831 625 profana
851 570 1111 611 haberentur.
1176 568 1292 610 Hinc
1314 569 1574 610 occasionem
1597 579 1744 609 nactus

142 628 316 670 Clodius
356 628 509 670 AEdilis
541 628 711 669 vexandi
751 627 1019 678 Ciceronem,
1053 626 1100 667 de
1138 626 1263 667 saeris
1285 637 1322 667 et
1346 625 1614 683 religior=i³>iis
1637 641 1741 667 con-

140 686 304 728 cionem
323 687 492 736 habuit3
526 696 648 742 atq-ue
666 684 883 726 Ciceronis
904 684 1078 725 domum
1103 683 1208 724 iuter
1229 698 1276 725 ea
1296 685 1384 725 loca
1407 700 1493 725 essc-
1511 682 1629 732 uixit,
1648 699 1745 740 quae

141 755 377 786 consecrata
398 743 570 799 profana
607 742 863 784 haberentur.
927 744 1071 798 Itaque
1105 741 1298 796 postridie
1334 741 1484 783 Cicero
1520 740 1742 783 defendens

141 817 182 843 se
205 801 246 843 in
269 811 423 842 senatu.
449 800 519 857 qui
543 815 591 841 ex
613 799 880 854 haruspicum
906 812 1102 844 resnonso
1117 799 1348 841 decreverat
1371 809 1414 840 ut
1430 800 1477 840 de
1499 798 1599 839 locis
1618 800 1744 841 sacris

140 870 179 901 et
200 857 397 915 religiosis
421 858 626 901 Consules
655 858 703 899 ad
725 860 926 899 Senatum
949 859 1158 908 referrent,
1182 857 1414 899 orationem
1437 854 1584 898 habuit
1599 857 1646 896 de
1665 857 1742 898 ha-

141 915 355 972 ruspicum
386 915 620 972 responsis3
656 915 696 956 in
719 918 803 973 ‘qua
822 916 966 957 omnia
987 916 1056 957 illa
1077 914 1262 978 prodigia
1286 924 1431 957 contra
1453 912 1654 957 Clodium
1675 913 1743 956 in-

139 983 378 1030 terpretatus
407 985 483 1016 est.
546 975 644 1016 Hoc
676 982 861 1030 tempore
898 985 1037 1015 actum
1078 972 1157 1014 fuit
1195 988 1237 1015 in
1272 975 1424 1016 Senatu
1452 973 1505 1013 (le
1540 970 1746 1026 stipendio

140 1031 320 1074 Caesaris
340 1031 559 1083 exercitus,
579 1032 688 1089 quod
712 1047 796 1073 non
820 1031 957 1073 solum
982 1032 1132 1074 Cicero
1153 1030 1347 1082 decrevit,
1376 1031 1443 1072 sed
1477 1029 1599 1070 ctiam
1636 1041 1677 1070 ut
1706 1040 1749 1072 et

141 1089 209 1131 alii
227 1090 507 1136 decernerent,
530 1089 744 1132 laboravit.
786 1090 983 1131 Decrevit
1003 1104 1170 1146 quoque
1188 1089 1237 1130 de
1257 1090 1397 1131 decem
1422 1087 1565 1145 legatis
1588 1087 1748 1129 Caesari

140 1146 298 1190 dandis.
364 1148 527 1190 Habuit
554 1146 677 1190 etiam
701 1147 930 1190 orationem
955 1147 996 1189 in
1020 1149 1174 1189 Senatu
1198 1148 1247 1188 de
1267 1146 1491 1202 provinciis
1513 1144 1748 1187 consulari-

139 1205 233 1258 bus,
256 1205 301 1247 in
329 1209 426 1263 quav
441 1206 583 1248 suadet
613 1217 659 1248 ut
680 1205 932 1247 Macedonia
954 1215 993 1246 et
1011 1204 1131 1262 Syria
1151 1204 1305 1246 futuris
1324 1204 1583 1247 Consulibus
1603 1203 1746 1245 decer-

137 1273 306 1315 nantur,
329 1274 371 1305 et
391 1264 542 1306 Galliae
564 1263 721 1306 Caesari
754 1279 840 1305 non
874 1262 1124 1306 adimantur.
1189 1263 1438 1306 Cornelium
1474 1261 1675 1315 Balbum,
1708 1269 1750 1304 et

140 1321 332 1364 Coeli-um
347 1322 398 1364 de
421 1321 458 1364 vi
480 1333 696 1365 accusatos
712 1321 909 1364 defendit.

500 1429 722 1473 ANNUS
752 1429 930 1472 URBIS
963 1427 1260 1472 CONDITAE
1283 1432 1382 1476 698.

140 1521 236 1560 Coss.
258 1522 320 1560 Cn.
336 1524 508 1574 Pompeio
529 1523 586 1560 M
584 1537 679 1569 agrno
697 1522 900 1566 seczzndzlm,
922 1522 982 1560 M.
1000 1523 1148 1560 Licinio
1167 1521 1373 1565 secztndzlm,
1393 1529 1475 1558 ante
1496 1519 1671 1558 Christum
1687 1523 1750 1559 54.

589 1577 771 1613 Ciceronis
790 1578 1102 1628 quinquagesinum
1120 1576 1303 1613 secundus.

197 1660 298 1702 Hoc
319 1675 430 1703 anno
447 1659 553 1702 *dixit
575 1671 719 1702 contra
740 1660 941 1702 Pisonem
961 1678 971 1703 ε
1007 1662 1106 1703 curn
1144 1660 1257 1703 enim
1288 1660 1372 1712 ille,
1401 1660 1596 1702 suadente
1618 1659 1748 1704 Cice,

138 1729 255 1770 tone,
277 1720 300 1759 e
321 1719 578 1760 Macedoni-<t
600 1733 812 1760 revocatus
842 1728 962 1769 esset,
987 1719 1163 1775 graviter
1189 1719 1239 1761 de
1266 1734 1315 1760 eo
1339 1729 1592 1775 conquestus
1625 1718 1752 1762 estin

138 1784 296 1876 affatu.
358 1775 508 1818 Cicero
530 1776 568 1818 ei
588 1776 807 1835 respondit.
869 1778 969 1819 Hoc
989 1777 1114 1820 etiam
1136 1786 1322 1834 tempore
1338 1777 1501 1835 scripsit
1522 1785 1601 1819 tres
1622 1777 1751 1820 libros

255 1842 398 1877 satore.

497 1951 717 1995 ANNUS
750 1952 930 1996 URBIS
964 1951 1262 1996 CONDITAE
1286 1956 1386 2001 699.

245 2037 343 2079 Coss.
356 2038 400 2076 L.
414 2039 582 2078 Domitio
599 2040 822 2085 AEnobarlm,
844 2041 916 2092 Ap.
929 2041 1086 2079 Claudio
1104 2041 1273 2086 Pulchro,
1293 2049 1376 2079 ante
1393 2039 1648 2084 Chi-iscumw.

588 2094 769 2132 Ciceronis
786 2096 1091 2146 quinquagesimus
1107 2097 1243 2132 tertius.

199 2176 349 2221 Cicero
387 2176 570 2220 absentis
592 2175 732 2220 Crassi
762 2191 928 2219 causam
952 2176 998 2219 in
1018 2179 1175 2220 Senatu
1195 2176 1402 2223 defendit:
1436 2188 1475 2222 et
1495 2181 1632 2225 Roma
1652 2197 1748 2240 pro-

142 2235 290 2289 fectus,
313 2236 356 2278 in
373 2237 571 2280 Cumano
588 2246 629 2277 et
649 2235 902 2291 Pompeiano
924 2234 1027 2278 fuit:
1061 2246 1185 2293 atque
1202 2235 1246 2278 in
1264 2237 1464 2280 Cumano
1484 2239 1661 2282 scribere
1681 2240 1752 2284 in-

142 2293 278 2337 stituit
304 2294 356 2336 de
374 2293 537 2350 optimo
558 2303 667 2336 statu
687 2292 881 2346 civitatis,
903 2305 943 2336 et
961 2293 1124 2350 optimo
1144 2293 1247 2337 cive.
1308 2296 1498 2338 Eductus
1519 2299 1544 2339 a
1565 2298 1754 2342 Reatinis

140 2351 186 2394 in
205 2368 350 2394 eorum
374 2367 538 2409 agrum,
557 2352 666 2407 apud
686 2354 768 2407 Ap.
793 2351 1023 2395 Claudium
1043 2367 1127 2394 cos.
1163 2364 1204 2395 et
1234 2353 1378 2395 decem
1409 2355 1582 2411 legatos,
1607 2371 1754 2400 eorum

143 2424 286 2453 causas
323 2420 469 2451 contra·
497 2411 798 2452 Interamnates
837 2411 931 2468 egit.
994 2409 1113 2452 Hinc
1149 2412 1333 2454 Romam
1365 2412 1499 2464 rediit,
1535 2413 1606 2455 ubi
1641 2424 1754 2458 totus

141 2467 222 2510 fuit
235 2468 283 2510 in*-
295 2467 430 2510 causis
450 2468 623 2525 agendis
638 2484 652 2521 3
686 2484 787 2511 nam
799 2468 981 2512 defendit
998 2467 1210 2511 Messium
1225 2480 1264 2511 et
1275 2471 1467 2512 Drusum
1481 2486 1493 2522 ;
1527 2471 1757 2516 Vatinium

144 2525 335 2583 dignitati
367 2541 457 2567 suae
475 2529 652 2582 'semper
684 2525 886 2569 infestum
919 2528 1083 2570 duobus
1104 2527 1283 2583 publicis
1297 2527 1469 2586 judiciis
1490 2538 1648 2572 tutatus
1674 2541 1756 2575 est.

145 2583 226 2626 Pro
246 2585 314 2625 Μ.
335 2583 515 2626 AEmilio
536 2586 710 2638 Scauro,
734 2584 806 2642 qui
837 2588 863 2628 a
887 2586 1051 2629 Triario
1082 2587 1402 2643 repetundarum
1433 2588 1667 2642 postulatus
1694 2596 1758 2632 est

144 2641 252 2696 apud
271 2641 334 2683 M.
355 2642 569 2684 Catonem-
585 2644 810 2686 Praetorem
828 2644 933 2686 dixit
952 2661 959 2686 :
995 2647 1104 2687 Item
1125 2659 1199 2701 pro
1221 2645 1402 2698 Planco3
1436 2646 1634 2688 extremis
1655 2645 1758 2689 anni

145 2698 362 2741 mensibus
383 2700 572 2755 Pompeii
594 2712 756 2759 rogatu,
778 2717 852 2760 pro
875 2702 1080 2757 Gabinio,
1101 2704 1127 2747 ἐι
1151 2718 1236 2761 quo
1258 2702 1449 2748 Consule
1460 2704 1656 2763 expulsus
1675 2712 1757 2760 est,

146 2766 186 2800 et
202 2771 275 2818 pm
296 2755 468 2801 Rabirio
489 2759 736 2803 Posthumo.

1538 2952 1758 3002 ANNUS
