1872 3140
907 171 992 211 530

620 376 697 455 M(
714 412 925 457 TULLn
955 412 1282 461 c1cmz0N1s

511 566 1360 647 LAELIUS

904 747 990 809 sm}

720 936 822 986 DE
849 936 1184 987 AMicrrlA

780 1105 1113 1148 DIALOGUS.

464 1439 527 1468 AD
558 1439 603 1469 T.
636 1438 925 1468 POMPONIUM
958 1438 1177 1468 ATTICUM
1207 1439 1465 1471 PRAEFATlo.

245 1543 283 1586 Ι.
304 1542 583 1587 QUINTUS
602 1541 846 1585 MUCIUS
864 1542 1015 1599 Augur
1044 1540 1176 1584 multa
1212 1557 1373 1585 narrare
1406 1542 1455 1587 de
1479 1542 1528 1586 C.
1556 1541 1707 1596 Laelio,

190 1615 330 1643 socero
352 1615 443 1652 suo,
466 1599 704 1643 memoriter
735 1609 776 1642 et
795 1600 983 1657 jucunde
1005 1599 1177 1652 solebat,
1198 1615 1274 1642 nec
1305 1599 1490 1644 dubitare
1519 1599 1638 1643 illum
1663 1600 1721 1647 in¹

189 1658 308 1701 omni
334 1673 522 1701 sermone
557 1657 760 1714 appellare
781 1657 1018 1714 sapientem.
1078 1658 1168 1716 Ego
1190 1667 1329 1701 autem
1346 1660 1372 1702 a
1391 1667 1503 1715 patre
1523 1658 1578 1700 ita
1596 1673 1709 1702 eram

189 1717 390 1759 deductus
428 1716 478 1758 ad
513 1716 762 1769 Seaevolam,
800 1716 970 1771 sumpta
1007 1714 1113 1758 virili
1148 1716 1261 1773 toga,
1299 1726 1346 1759 ut
1377 1715 1512 1774 quoad
1544 1731 1709 1773 possem

143 1788 165 1822 5
192 1783 231 1817 et
250 1774 404 1825 liceret,
426 1776 452 1816 a
472 1773 581 1816 senis
609 1773 732 1816 latere
762 1789 977 1830 nunquam
1011 1773 1278 1816 discederem,
1340 1774 1485 1831 Itaque
1503 1773 1636 1816 multa
1654 1773 1708 1817 ab

191 1847 240 1874 eo
261 1832 479 1889 prudenter
513 1831 733 1888 disputata,
774 1831 907 1873 multa
940 1830 1065 1874 etiam
1101 1830 1273 1873 breviter
1292 1840 1333 1874 et
1366 1832 1587 1875 commode
1620 1831 1710 1874 dic-

192 1899 249 1941 ta,
291 1889 504 1932 memoriae
546 1889 824 1943 mandabam;
875 1888 1045 1945 fierique
1098 1889 1312 1931 studebam
1350 1889 1438 1946 ejus
1494 1889 1712 1946 prudentia

189 1947 364 1990 doctior.
442 1948 543 1991 Quo
579 1956 760 1998 mortuo,
793 1962 862 1989 me
893 1947 944 1990 ad
978 1945 1219 2003 pontificem
1265 1947 1497 1989 Scaevolam
1535 1946 1708 2000 contuli,

190 2021 316 2064 quem
335 2020 468 2046 unum
500 2014 652 2046 nostrae
683 2004 857 2047 civitatis
887 2014 927 2047 et
956 2003 1124 2063 ingenio
1153 2014 1194 2046 et
1231 2005 1393 2061 justitia
1421 2003 1710 2061 praestantissi-

117 2077 166 2111 ιο
190 2079 310 2106 mum
344 2063 473 2104 audeo
505 2062 649 2104 dicere.
727 2063 807 2106 Sed
840 2063 892 2104 de
921 2063 1002 2104 hoc
1033 2062 1156 2104 alias:
1187 2078 1301 2104 nuuc
1331 2063 1449 2105 redeo
1479 2062 1529 2104 ad
1558 2062 1711 2119 Augu-

189 2135 292 2163 rem.
372 2121 489 2163 Cum
535 2128 643 2176 s‘aepe
686 2120 835 2172 multa,
867 2130 959 2162 tum
999 2119 1192 2171 memini,
1224 2121 1338 2162 domi
1367 2118 1615 2177 hemicyclio
1645 2133 1710 2161 se-

187 2179 372 2230 dentem,
405 2186 449 2220 ut
479 2177 648 2226 solebat,
681 2179 781 2220 cum
811 2188 851 2220 et
880 2192 957 2234 ego
977 2192 1109 2219 essem
1140 2179 1240 2229 una,
1262 2187 1302 2219 et
1331 2176 1450 2234 pauci
1481 2177 1711 2219 admodizm
1738 2231 1740 2234 v

188 2236 426 2288 familiares,
447 2234 491 2277 in
512 2251 609 2277 eum
641 2250 875 2277 sermonem
903 2234 1023 2277 illum
1043 2234 1236 2286 incidere,
1257 2233 1328 2291 qui
1357 2243 1446 2278 tum
1471 2232 1555 2276 fere
1575 2234 1714 2276 omni-

187 2294 266 2336 bus
286 2293 433 2336 eratin
453 2308 547 2335 ore:
581 2294 812 2335 meministi
842 2292 971 2345 enim,
997 2293 1154 2344 Attice,
1187 2302 1226 2333 et
1260 2294 1309 2335 eo
1339 2292 1487 2350 magis,
1520 2292 1631 2348 quod
1662 2293 1711 2335 Ρ.

115 2362 162 2398 15
190 2351 377 2408 Sulpicio
395 2351 563 2393 utebare
595 2351 795 2401 multum,
829 2352 929 2392 cum
965 2351 999 2392 is
1032 2349 1323 2406 Tribunus-pl.
1361 2349 1523 2406 capitali
1557 2348 1652 2391 odio
1688 2353 1713 2392 a

190 2410 247 2453 Q
270 2409 484 2466 PompeiO,
506 2408 578 2465 qui
611 2418 703 2450 tum
722 2418 806 2450 erat
828 2408 1005 2460 Consul,
1041 2407 1266 2459 dissideret,
1289 2423 1474 2464 quocum
1506 2407 1710 2464 conjunc-

188 2466 349 2510 tissime
364 2477 403 2509 et
423 2466 708 2509 amantissime
724 2465 892 2518 vixerat,
915 2475 1069 2522 quanta
1098 2466 1321 2507 hominum
1352 2474 1456 2508 esset
1484 2464 1544 2506 vel
1575 2464 1710 2507 admi-

189 2523 309 2577 ratio,
328 2524 390 2566 vel
410 2523 587 2581 querela.
648 2525 793 2580 Itaque
812 2534 900 2566 tum
923 2521 1123 2575 Scaevola,
1146 2525 1246 2565 cum
1268 2523 1312 2564 in
1328 2537 1418 2564 eam
1442 2522 1573 2577 ipsam
1589 2537 1711 2564 men-

189 2583 350 2625 tionem
378 2580 605 2634 incidisset,
640 2581 830 2637 exposuit
859 2581 980 2623 nobis
1019 2595 1253 2623 sermonem
1283 2579 1404 2622 Laelii
1434 2581 1484 2621 de
1514 2579 1714 2622 Amicitia

113 2652 169 2687 ρο
190 2639 380 2682 habitum
403 2639 453 2681 ab
488 2639 558 2681 illo
587 2654 745 2690 secum,
778 2649 818 2680 et
844 2653 940 2680 cum
962 2639 1086 2680 altero
1116 2653 1264 2695 genero
1299 2639 1347 2679 C.
1377 2637 1553 2689 Fannio,
1575 2635 1713 2679 Marci

191 2697 294 2750 filio,
327 2696 469 2754 paucis
500 2697 645 2741 diebus
677 2706 768 2752 post
798 2707 975 2738 mortem
1008 2694 1214 2738 Africani.
1291 2697 1391 2752 Ejus
1426 2694 1712 2751 disputationis

192 2755 412 2798 sententias
443 2754 658 2796 memoriae
679 2753 887 2806 mandavi,
911 2768 1012 2811 quas
1033 2754 1114 2795 hoc
1144 2753 1249 2796 libro
1280 2752 1451 2811 exposui
1480 2767 1586 2794 meoa
1602 2751 1711 2794 arbi-

189 2821 320 2866 tratu;
368 2812 485 2868 quasi
524 2811 636 2854 enim
671 2811 780 2867 ipsos
821 2811 966 2853 induxi
1002 2811 1232 2868 loquentes,
1263 2825 1318 2853 ne
1354 2815 1540 2865 inquam,
1579 2818 1620 2851 et
1648 2809 1714 2851 in-

194 2870 296 2925 quit,
328 2870 480 2931 slaepius
516 2870 902 2925 interponerentur3
933 2878 1057 2927 atque
1090 2878 1135 2910 ut
1165 2879 1364 2926 tanquam
1397 2870 1424 2911 a
1444 2865 1714 2927 praesentibus

639 2959 645 2961 .
1573 2939 1715 2966 coram
