1872 3135
148 104 227 142 116
604 104 672 148 M.
704 103 912 148 TULLII
943 104 1267 150 CICERONIS

147 219 198 254 ‘25
223 217 365 280 Itaque
385 218 574 261 hesterno
596 220 659 261 die
678 220 729 260 L.
754 218 968 272 Flaccum,
991 230 1030 263 et
1059 222 1110 265 C.
1134 222 1404 278 Pomptinum
1419 224 1631 276 Praetores,
1655 221 1738 265 fora

221 274 416 327 tissimus,
435 287 556 334 atquc
575 275 881 317 amantissimos
903 279 1140 333 reipublicae
1156 280 1278 333 viros,
1294 282 1342 324 ad
1365 295 1430 322 me
1454 281 1593 322 vocavi
1611 296 1622 322 z
1655 295 1743 322 rem.

219 347 388 374 omnem
405 333 574 388 exposui
594 349 601 374 :
636 332 733 389 quid
756 333 840 374 fieri
865 334 1052 389 placeret,
1071 337 1246 380 ostendi.
1310 338 1373 380 llli
1398 347 1533 380 autem
1556 337 1625 395 qui
1643 352 1739 378 om-

219 388 288 431 nia
308 390 357 431 de
378 390 532 444 republ.
557 390 749 445 praeclara
779 401 901 447 atque
931 393 1089 450 egregia
1109 394 1319 447 sentirent,
1350 395 1437 437 sine
1468 395 1739 446 recusatione,

219 461 265 488 ac
287 447 374 488 sine
394 447 477 489 ulla
497 448 613 488 nior-{t
635 446 846 500 negotium
871 462 1152 505 susceperunt,
1175 462 1215 493 et
1245 455 1346 495 cum
1378 453 1736 509 advesperasceret,

145 507 200 541 30
219 504 379 545 occulte
412 504 459 545 ad
493 515 661 559 pontem
694 504 894 548 Milvium
931 518 1198 561 pervenerunt
1216 525 1228 549 :
1244 519 1380 565 ⁴atque
1402 509 1456 551 ibi
1477 509 1517 551 in
1541 508 1739 565 proximis

218 559 323 602 villis
346 560 400 602 ita
421 561 602 618 bipartiti
621 561 801 614 fuerunt,
822 572 865 604 ut
884 561 1044 606 Tiberis
1066 564 1170 606 inter
1189 580 1275 620 eos,
1296 577 1335 607 et
1369 581 1472 621 pons
1507 565 1740 618 interesset;

216 618 233 643 ⁴³
252 617 396 660 eudem
420 628 558 662 autem
585 629 623 662 et
654 619 747 677 ipsi,
779 619 868 662 sine
906 620 1153 678 cujusquam
1184 622 1434 677 suspicione,
1471 623 1625 665 multos
1652 623 1739 665 for-

217 682 276 717 tes
309 675 413 717 viros
445 677 696 720 eduxerunt:
729 686 767 719 et
784 692 860 734 ego
880 678 928 719 de
961 677 1201 733 praefectura
1220 679 1394 722 Reati'na
1413 679 1645 735 complures
1664 680 1738 722 de·-

216 732 342 774 lectos
358 733 649 787 adolescentes,
672 749 851 792 quorum
876 739 1000 792 opera
1019 746 1112 777 utor
1128 736 1290 779 assidue
1311 736 1352 778 in
1375 735 1609 792 reipublicae
1631 751 1738 792 prae-s

144 791 196 827 35
218 789 338 842 sidio,
362 807 457 833 cum
493 792 638 849 gladiis
668 791 874 834 miseram.
936 793 1107 835 Interim
1145 793 1263 836 tertia
1301 793 1385 836 fere
1418 793 1559 851 vigilia
1582 797 1739 847 exacta,

217 850 315 890 eum
331 848 422 906 jam
442 859 611 905 pontem
648 865 745 891 cum
775 864 929 905 magno
968 850 1169 892 comitatu
1199 851 1319 909 legati
1354 851 1634 909 Allobrogum
1672 850 1740 894 in-

214 906 328 964 gredi
349 905 589 962 inciperent,
611 909 777 964 unffque
811 906 1084 960 Vusturcius,
1131 909 1176 949 fit
1216 908 1260 950 in
1300 924 1370 951 eos
1400 909 1606 964 impetus:
1639 909 1740 950 edu-

215 974 368 1005 cuntur
397 963 448 1005 ab
480 963 556 1005 illis
587 963 727 1021 gladii,
768 972 808 1006 et
836 966 862 1006 ὲι
899 963 1072 1006 nostris:
1134 980 1195 1006 res
1225 976 1310 1008 erat
1344 965 1593 1008 Praetoribus
1642 974 1743 1009 nota

215 1020 343 1063 solis:
378 1019 642 1078 ignorabatur
662 1022 687 1062 a
708 1020 880 1063 caeteris.
939 1023 1052 1064 Tum
1091 1022 1319 1064 interventu
1351 1022 1578 1080 Pomptini,
1616 1032 1742 1080 atque

141 1079 198 1114 40
215 1077 368 1130 Flacci,
393 1092 546 1137 pugna,
580 1094 674 1136 quae
693 1110 698 1113 -
719 1087 803 1121 erat
833 1078 1073 1130 commissa,
1111 1081 1289 1122 sedatur:
1321 1079 1449 1122 literae
1480 1095 1742 1137 quaecunque

214 1144 330 1178 erant
349 1135 392 1178 in
413 1151 460 1178 eo
486 1136 701 1188 comitatu,
722 1146 737 1164 ε
757 1135 921 1194 integris
953 1135 1096 1192 signiS,
1118 1137 1366 1180 Praetoribus
1387 1138 1628 1180 traduntur:
1662 1137 1742 1194 ipsi

216 1194 521 1249 comprehensi,
540 1194 588 1235 ad
607 1208 689 1246 me,
709 1196 804 1236 cum
831 1194 922 1251 jam
951 1194 1231 1247 dilucesceret,
1264 1195 1538 1237 deducuntur.
1598 1195 1743 1252 Atque

215 1251 369 1294 horum
390 1250 582 1302 omnium
614 1251 811 1294 scelerum
846 1250 1204 1309 improbissimum
1227 1252 1585 1294 fmachinatorem
1616 1252 1750 1294 Cim-r

210 1308 336 1350 brum
358 1308 604 1361 Gabinium,
637 1308 774 1351 statim
807 1308 855 1350 ad
886 1324 970 1361 me,
1006 1308 1212 1351 nihildum
1247 1309 1542 1365 suspicantem,
1578 1310 1738 1352 vocavi.

139 1367 193 1404 45
211 1365 487 1409 Deindeitem
509 1357 723 1408 arcessitur
744 1368 789 1408 P.
808 1365 1008 1418 Statilius,
1030 1376 1069 1408 et
1090 1376 1181 1421 post
1202 1381 1297 1408 eum
1320 1367 1557 1424 Cethegus:
1590 1366 1738 1409 tardis-

213 1422 322 1466 sime
342 1433 480 1466 autem
509 1424 710 1466 Lentulus
729 1423 855 1475 venit,
877 1424 1012 1475 credo,
1033 1423 1142 1481 qued
1164 1422 1289 1466 literis
1309 1423 1452 1466 dandis
1473 1431 1617 1479 praeter
1633 1439 1735 1466 con-

212 1481 479 1524 suetudinem
492 1480 682 1537 proxima
696 1492 816 1523 nocte
832 1480 1033 1536 vigilz'irat.
1096 1481 1209 1524 Cum
1227 1483 1321 1524 verb
1338 1480 1515 1523 summis
1528 1495 1574 1522 ac
1591 1480 1730 1523 claris-

212 1536 330 1580 simis
352 1539 476 1596 hujus
496 1538 671 1581 civitatis
691 1538 800 1590 viris,
823 1538 910 1594 qui,
944 1538 1081 1579 audita
1103 1553 1158 1590 re,
1182 1537 1412 1595 frequenter
1449 1538 1498 1580 ad
1529 1552 1597 1580 me
1617 1553 1740 1582 mane

214 1606 506 1648 convenerant,
528 1596 661 1638 literas
678 1598 703 1639 a
721 1611 790 1638 me
810 1594 927 1651 prius
949 1594 1108 1651 aperiri,
1132 1597 1261 1652 quam
1281 1595 1330 1638 ad
1360 1597 1560 1638 Senatum
1600 1595 1737 1640 referri

141 1659 197 1695 50
214 1653 404 1709 placeret,
430 1668 497 1707 ne,
534 1654 567 1696 si
588 1653 692 1695 nihil
709 1656 813 1695 esset
832 1652 1063 1704 inventum,
1086 1660 1102 1685 g
1123 1653 1275 1696 temere
1295 1653 1316 1694 ὲ
1337 1668 1405 1694 me
1426 1661 1563 1694 tantus
1584 1653 1742 1695 tumul-

213 1719 280 1753 tus
297 1710 471 1768 injectus
492 1710 647 1753 civitati
668 1710 884 1762 videretur,
908 1710 1051 1767 negavi
1066 1725 1132 1752 me
1153 1725 1240 1751 esse
1261 1709 1483 1762 facturum,
1501 1720 1546 1752 ut
1559 1710 1608 1751 de
1629 1710 1737 1766 peri-

213 1767 307 1809 culo
328 1767 495 1824 publico
516 1783 602 1810 non
621 1768 669 1811 ad
689 1768 909 1810 consilium
931 1766 1146 1824 publicum
1171 1782 1254 1808 rem
1284 1768 1486 1825 integram
1524 1766 1737 1812 deferrem.

211 1825 397 1878 Etenim,
427 1826 628 1878 Quirites,
660 1825 694 1867 si
713 1841 774 1878 ea,
797 1840 890 1882 quae
912 1835 1027 1866 erant
1046 1825 1094 1866 ad
1115 1840 1182 1867 me
1211 1823 1357 1877 delata,
1379 1833 1533 1880 reperta
1552 1839 1637 1866 non
1670 1841 1736 1867 es-

214 1893 332 1934 sent3
365 1893 504 1926 tamen
526 1898 601 1941 ego
622 1899 706 1925 non
728 1882 950 1925 arbitrabar
971 1881 1013 1927 in
1034 1881 1157 1923 tantis
1177 1882 1272 1938 reip.
1302 1881 1492 1939 periculis
1519 1896 1604 1923 esse
1631 1880 1738 1924 mihi

143 1940 194 1984 55
213 1938 389 1982 nimiam
413 1940 668 1997 diligentiam
700 1939 1082 1996 pertimescendam.
1122 1941 1346 1982 ‘Senatum
1376 1939 1631 1995 frequentem
1666 1954 1736 1982 ce-

211 1997 361 2048 leriter,
379 2008 424 2039 ut
446 1997 617 2051 vidistis,
636 1997 753 2055 co'e'gi
773 2015 783 2040 ε
817 2008 938 2055 atque
958 1996 1110 2039 interea
1128 1997 1283 2049 statim,
1301 1995 1516 2039 admonitu
1537 1996 1736 2039 Allobro·

211 2069 330 2111 gum,
354 2054 407 2096 C.
430 2055 662 2111 Sulpicium
687 2057 925 2107 Praetorem,
947 2054 1095 2095 fortem
1110 2054 1261 2103 virum,
1283 2053 1396 2104 misi,
1413 2053 1484 2111 qui
1505 2067 1555 2095 ex
1577 2053 1736 2097 aedibus

215 2111 408 2168 Cethegi,
430 2112 463 2153 si
493 2113 592 2169 quid
627 2113 801 2156 telorum
841 2122 961 2163 esset,
993 2111 1173 2154 efferret:
1226 2127 1277 2153 ex
1314 2110 1465 2169 quibus
1505 2109 1572 2152 ille
1603 2111 1737 2153 maxi-

213 2182 336 2213 mum
363 2168 542 2213 sicarum
561 2185 800 2223 numerum,
830 2181 870 2213 et
905 2168 1135 2228 gladiorum
1165 2168 1326 2213 extulit.
1386 2167 1604 2211 Introduxi
1623 2168 1735 2212 Vul-

368 2294 385 2319 ὅ
395 2294 471 2332 huc.
577 2301 593 2320 Ε
610 2309 676 2333 non
689 2297 830 2347 opertis.
956 2292 971 2318 s
981 2302 1170 2332 auctorem.
1295 2296 1316 2331 ,Β
1325 2293 1574 2344 imprudenter.

255 2430 308 2460 25.
332 2429 371 2461 L.
398 2429 558 2470 Flaccum]
597 2431 636 2461 L.
664 2430 812 2462 Flaccum
841 2433 951 2473 postea
1039 2430 1092 2461 35.
1107 2430 1137 2462 T
1134 2426 1211 2460 ertie'i
1225 2426 1356 2472 vigilia]
1380 2428 1454 2461 Nox
1470 2426 1504 2460 in
1534 2434 1674 2471 quatuor
1686 2427 1739 2469 vi-

209 2472 330 2548 fCicero
341 2474 592 2517 repetundarum
606 2485 698 2506 reum
714 2475 746 2506 in
760 2475 881 2517 judicio
896 2475 951 2506 de·
995 2473 1095 2549 gina?¹
1110 2473 1214 2505 divisa
1237 2480 1318 2512 erat,
1343 2479 1377 2506 et
1403 2471 1516 2515 vigilia
1536 2471 1688 2516 quaelibet
1702 2473 1738 2505 in

226 2517 325 2549 endit.
995 2524 1060 2550 tres
1099 2528 1179 2549 oras.

255 2561 308 2592 30.
325 2561 449 2593 Pontem
461 2562 504 2594 M
505 2561 634 2605 iscium]
652 2563 738 2594 Pons
749 2562 887 2594 Milvius
898 2573 951 2594 ex·
1038 2563 1088 2593 46.
1113 2560 1260 2593 Lentulus
1273 2558 1378 2603 venit-J
1402 2560 1431 2591 Is
1446 2567 1515 2593 erat
1528 2561 1663 2600 Praetor,
1682 2560 1738 2594 vix·

210 2611 262 2636 tra
284 2603 397 2637 urbem
427 2614 484 2645 est,
508 2607 615 2639 versus
642 2606 843 2643 Hetruriam
858 2613 952 2650 supra
994 2605 1135 2650 pinguis,
1149 2613 1180 2636 et
1197 2605 1320 2642 obesus,
1334 2611 1367 2636 et
1379 2604 1608 2637 somnolentus.

210 2648 372 2687 Tiberim,
387 2651 545 2682 sexdecim
560 2650 670 2682 stadiis
683 2649 723 2681 ab
739 2650 818 2683 urbe
837 2651 951 2683 Roma.
1037 2651 1092 2682 56.
1119 2650 1279 2680 Admonitu
1291 2648 1508 2692 Allobrogum]
1531 2649 1580 2681 Ex
1590 2645 1736 2681 hocloco

255 2693 307 2724 88.
323 2693 509 2732 Praesectun}
525 2692 679 2737 Reatina]
701 2694 802 2727 Reate
818 2695 952 2726 Sabino-
993 2701 1083 2737 patet
1099 2693 1318 2736 Allobrogum
1333 2691 1456 2736 legatos
1478 2692 1620 2726 conscios
1637 2690 1734 2725 fuisse

210 2745 284 2768 rum
304 2744 351 2768 est
377 2738 545 2780 oppidum,
567 2738 724 2781 Varronis
748 2739 873 2781 patria;
895 2738 947 2770 hic
991 2737 1230 2780 conjurationis.

212 2780 362 2813 nundina».
384 2779 596 2822 habebantur,
614 2788 646 2816 et
667 2782 712 2816 ibi
730 2783 946 2828 Magistratus
1032 2783 1084 2813 59.
1105 2780 1267 2824 Sitai-um]
1293 2783 1344 2816 De
1372 2779 1425 2814 his
1450 2781 1478 2814 1.
1501 2782 1595 2814 erat,
1617 2781 1732 2824 Parag.

209 2824 306 2857 Rom.
316 2824 368 2867 jus
379 2825 512 2861 dicebat.
990 2836 1045 2859 ιιι.
1057 2826 1079 2859 i.
1095 2827 1144 2859 40.

1540 2860 1721 2909 turcium
