1872 3140
65 166 147 202 :302
573 159 642 201 M.
674 156 882 199 TULLII
915 155 1242 202 CICERONIS

69 282 124 317 ⁴20
141 271 282 314 obrem
300 271 369 314 illa
396 286 523 322 arma,
558 269 834 321 centuriones,
858 270 1063 323 cohortes,
1086 286 1172 313 non
1195 271 1424 327 periculum
1440 271 1577 324 nobis,
1601 272 1670 314 sed

141 329 380 386 praesidium
402 328 676 369 denunciant:
699 343 834 383 neque
851 327 908 368 sol
917 330 1007 379 um,
1025 339 1072 370 ut
1090 328 1244 384 quietO,
1261 330 1328 371 sed
1345 330 1467 372 etiam
1484 340 1530 372 ut
1549 344 1669 386 mag-

141 402 198 428 no
214 386 354 428 animo
373 386 517 435 simus,
532 385 771 426 hortantur:
796 399 928 440 neque
944 385 1144 427 auxilium
1161 386 1287 428 modo
1302 383 1529 429 defensioni
1546 401 1668 436 meae,

143 446 290 486 verum
307 443 430 484 etiam
451 441 660 483 silentium
685 441 943 498 pollicentur.
994 441 1168 498 Reliqua
1187 446 1281 484 vero
1311 444 1552 496 multitudo,
1573 459 1681 500 quaer

144 502 310 558 quidem
332 509 390 540 est
407 498 577 549 civium,
601 508 686 540 tota
706 508 845 542 nostra
866 509 926 541 est
945 516 955 540 z
988 514 1123 555 neque
1144 514 1285 541 eorum
1308 499 1545 557 quisquam,
1568 504 1687 558 quos·

73 570 125 604 525
146 557 327 613 undique
347 557 552 597 intuentes
573 571 622 597 ex
648 557 729 603 boc
750 557 839 612 ipso
864 557 959 598 loeo
990 555 1172 608 cernitis,
1195 557 1305 599 unde
1325 557 1461 613 aliqua
1476 573 1567 614 pars
1594 558 1674 601 fori

145 615 271 670 aspici
307 623 454 669 potest,
491 622 531 654 et
565 614 690 670 hujus
709 622 726 647 g
745 614 900 656 exitum
928 613 1079 671 judicii
1108 623 1371 669 expectantes
1397 613 1556 665 videtis,
1587 629 1675 658 non

146 676 248 714 cum
290 671 429 712 virtuti
459 670 637 713 Milonis
669 671 799 724 favet3
852 683 941 714 tum
973 672 1023 714 de
1052 687 1110 722 se,
1143 671 1192 712 de
1221 670 1360 713 liberis
1390 670 1490 723 suis,
1521 672 1571 713 de
1601 686 1675 727 pa-

147 730 242 780 tria,
269 729 323 769 'de
354 727 530 770 fortunis
562 728 760 772 hodierno
791 729 856 771 die
886 733 901 758 ¹¹
931 729 1126 775 decertari
1157 738 1286 784 putat.
1367 730 1517 771 Unum
1547 743 1689 785 genus,

147 798 208 828 est
251 787 467 828 adversum
511 783 793 843 infestumque
834 787 972 838 nobis,
1005 794 1149 828 eorum
1181 802 1286 841 quos¹
1318 788 1363 829 P.
1399 785 1538 829 Clodii
1567 786 1697 828 furor

75 857 133 892 30
150 843 333 900 rapinis,
366 843 582 894 incendiis,
630 853 670 885 et
699 844 896 886 omnibus
939 843 1074 885 exitiis
1104 843 1281 899 publicis
1313 844 1448 898 pavit:
1500 843 1572 901 qui
1602 844 1678 889 he,-

150 905 289 944 sterna
315 900 441 942 ctiam
474 901 676 943 concione
707 901 868 944 incitati
914 910 1026 952 sunt,
1059 910 1104 942 ut
1150 900 1267 943 vobis
1299 916 1397 942 voce
1427 901 1437 926 i
1467 901 1677 958 praeirent,

149 959 250 1016 quid
273 958 538 1016 judicareti53
572 974 752 1015 quorum
783 959 953 1010 clamor,
987 958 1018 1000 si
1051 959 1143 1015 quis
1164 957 1269 1001 forte
1293 957 1431 1011 fuerit,
1456 959 1678 1000 admonere

149 1032 222 1058 vos
267 1015 446 1068 debebit,
490 1026 536 1058 ut
579 1032 674 1059 eum
707 1016 840 1059 civem
873 1015 1094 1067 retineatis,
1127 1015 1198 1072 qui
1230 1031 1389 1071 semper
1417 1031 1548 1073 genus
1578 1015 1695 1058 illud*

150 1073 391 1124 hominum,
443 1073 725 1130 clamoresque
771 1075 977 1116 maximos
1022 1088 1094 1127 pro
1141 1076 1272 1116 vestra
1316 1073 1444 1115 salute
1487 1072 1682 1130 neglexit.

79 1143 133 1178 35
154 1131 446 1176 Quamobrem
468 1131 601 1177 adeste
632 1131 798 1183 animis,
831 1131 1014 1182 Judices,
1036 1139 1075 1171 et
1095 1129 1304 1181 timorem,
1342 1131 1375 1173 si
1402 1145 1525 1187 quem
1550 1130 1680 1173 habe-

150 1190 220 1242 tis,
242 1189 444 1244 deponite.
503 1190 620 1231 Nam
641 1189 674 1230 si
703 1204 892 1247 unquam
913 1189 962 1230 de
981 1187 1102 1230 bonis
1122 1197 1161 1229 et
1190 1187 1362 1229 fortibus
1392 1187 1504 1239 viris,
1537 1188 1568 1228 si
1600 1203 1682 1229 un-

153 1262 282 1304 quam
313 1247 362 1288 de
393 1246 499 1288 bene
529 1245 684 1288 meritis
715 1246 873 1288 civibus
903 1255 1080 1301 potestas
1110 1245 1226 1286 vobis
1251 1244 1466 1302 judicandi
1498 1244 1600 1286 fuit:
1648 1245 1681 1287 si

154 1304 333 1361 denique
349 1318 535 1359 unquam
552 1304 572 1328 ³<
593 1304 708 1345 locus
728 1303 1081 1359 amplissimorum
1098 1303 1289 1344 ordinum
1312 1303 1477 1344 delectis
1495 1301 1592 1344 viris
1607 1302 1682 1344 da-

155 1371 221 1404 tus
243 1371 321 1413 est,
345 1360 415 1402 ubi
448 1375 520 1402 sua
553 1361 687 1403 studia
720 1376 813 1417 erga
847 1359 970 1402 fortes
1003 1369 1044 1401 et
1078 1360 1210 1402 bonos
1241 1358 1364 1411 cives,
1390 1373 1490 1415 ‘quae
1510 1359 1626 1401 vultu
1645 1370 1687 1402 et

84 1431 141 1467 40
156 1418 286 1462 verbis
308 1433 415 1473 saepe
431 1417 749 1474 significassent,
767 1433 806 1459 re
823 1428 861 1459 et
875 1417 1084 1459 sententiis
1108 1417 1380 1458 declararent:
1406 1418 1486 1458 hoc
1502 1416 1686 1473 profecto

154 1488 338 1532 tempore
368 1491 458 1517 eam
495 1484 738 1531 potestatem
758 1490 928 1517 omnem
950 1490 1020 1515 vos
1043 1474 1214 1525 habetis,
1235 1483 1282 1515 ut
1314 1473 1510 1521 statuatis,
1544 1475 1687 1516 utrum

155 1550 234 1577 nos
269 1533 340 1592 qui
372 1547 531 1588 semper
564 1543 707 1575 vestrae
745 1532 975 1575 auctoritati
1010 1531 1135 1573 dediti
1169 1531 1340 1583 fuimus,
1371 1547 1530 1588 semper
1549 1531 1688 1575 miseri

157 1592 397 1650 lugeamus3
448 1606 500 1632 an
531 1590 601 1632 diu
632 1590 764 1633 vexati
805 1591 830 1632 ὲ
861 1588 1146 1647 perditissimis
1177 1588 1334 1631 civibus
1365 1589 1587 1646 aliquando
1615 1604 1688 1646 per

329 1785 346 1812 3
359 1789 522 1817 eventum.
630 1778 647 1803 Β
665 1779 836 1816 contendi.
942 1776 952 1802 i
961 1776 1238 1829 praescriberem
1336 1774 1364 1800 ’Κ
1378 1778 1527 1815 occasio.

208 1945 260 1974 20.
299 1943 512 1984 Centuriones]
538 1940 748 1973 Centuriones
771 1938 904 1983 singulis
950 1938 1000 1971 nis
1020 1946 1128 1969 actum
1144 1945 1212 1969 cst:
1237 1935 1371 1969 immisit
1387 1936 1473 1968 enim
1490 1933 1692 1979 gladiatores,

166 1988 327 2021 centuriis
344 1994 513 2028 praeerant.
953 1988 970 2014 a
993 1982 1109 2025 quibus
1132 1981 1225 2014 multi
1241 1980 1401 2014 interfecti
1417 1988 1502 2019 sunt,
1520 1987 1555 2012 ut
1571 1979 1603 2010 in
1617 1981 1693 2012 Sex·

209 2032 258 2064 Ib.
281 2030 444 2074 Cohortem]
462 2032 497 2062 In
519 2030 652 2061 cohorte
667 2028 806 2062 sexcenti
821 2036 911 2060 erant
955 2027 1041 2059 tiana
1054 2027 1177 2058 dictum
1193 2033 1248 2058 est.

164 2077 293 2109 milites.
995 2071 1041 2102 lb.
1067 2069 1215 2102 Hestermi
1230 2070 1320 2101 etiam
1345 2068 1504 2111 concione]
1521 2066 1692 2099 Munatius

211 2122 261 2150 ⁸25.
279 2122 352 2152 221oe
369 2120 482 2161 quidem
506 2124 548 2148 cst
572 2118 716 2158 ciuium]
730 2117 808 2148 Tria
832 2116 906 2148 ade·
952 2115 1087 2147 Plancus
1103 2113 1380 2155 tribunus-plebis,
1395 2112 1499 2153 pridie
1515 2114 1611 2153 quam
1626 2111 1694 2142 haec

167 2174 240 2199 rant
255 2164 328 2196 huic
339 2162 459 2204 judicio
472 2163 637 2194 hominum
653 2172 773 2204 genera
786 2175 792 2191 :
819 2160 907 2192 mili·
952 2159 1124 2191 haberetur
1137 2158 1252 2194 oratio,
1263 2158 1296 2188 in
1309 2157 1461 2191 concione
1471 2154 1625 2196 populum
1638 2155 1694 2186 ad-

167 2220 227 2246 tes,
238 2219 317 2251 quos
333 2207 479 2250 apposuit
494 2206 681 2249 Pompeius:
698 2206 795 2242 cives,
808 2213 841 2236 ut
854 2215 908 2236 ex·
953 2204 1097 2236 hortatus
1113 2211 1172 2239 est,
1187 2213 1225 2232 ne
1246 2200 1410 2234 Milonem
1425 2199 1508 2232 elabi
1523 2206 1695 2242 pateretur,

168 2254 250 2285 itum
269 2252 362 2294 hujus
383 2251 495 2294 judicii
510 2250 671 2281 viderent:
697 2258 728 2281 et
746 2248 909 2286 Clodiani,
952 2255 989 2280 ut
1005 2247 1100 2279 refert
1115 2246 1270 2276 Asconius:

170 2307 206 2329 ut
219 2296 342 2328 Miloni
353 2302 515 2327 nocerent.
561 2296 663 2326 Porro
677 2293 756 2324 cives
767 2292 909 2336 compel-
996 2291 1048 2321 38.
1058 2290 1310 2330 Amplissimomm
1321 2286 1480 2326 ordinum-J
1497 2286 1612 2318 Selecti
1622 2294 1697 2318 sunt

169 2342 227 2379 lat,
243 2349 278 2373 ut
301 2352 354 2372 cos
381 2344 397 2370 a
423 2338 585 2371 Clodianis
606 2346 738 2379 separet,
754 2338 810 2380 qui
830 2338 912 2369 cives
951 2335 1073 2379 judices
1090 2337 1104 2363 a
1119 2333 1272 2375 Pompeio
1285 2344 1322 2364 ex
1338 2331 1502 2363 Senatorio
1514 2338 1546 2362 et
1557 2331 1696 2373 equestri

169 2397 234 2418 non
251 2393 335 2422 sunt,
351 2385 425 2427 quia
439 2382 590 2414 seditiosi.
955 2379 1080 2415 ordine,
1094 2385 1126 2409 et
1142 2389 1180 2409 ex
1200 2377 1336 2408 tribunis
1352 2376 1470 2407 aerariis
1486 2375 1601 2417 quihus
1614 2385 1697 2407 nun-

216 2427 267 2459 30.
294 2428 443 2469 Rapinis]
471 2426 580 2458 Malos
605 2424 685 2457 cives
709 2424 828 2465 rapinis
851 2423 911 2455 sibi
955 2434 1051 2467 quam
1067 2421 1238 2453 sanctiores
1253 2429 1284 2453 et
1298 2420 1588 2452 clarioresselectos
1603 2418 1700 2451 fuisse

173 2472 306 2506 Clodius
321 2472 523 2509 devinxeram
546 2481 618 2501 nam
636 2469 744 2500 Pisoni
761 2477 792 2499 et
811 2466 912 2499 Gabi·
956 2467 1101 2500 Ast-onius
1114 2465 1231 2496 scribit.

172 2518 226 2549 nio
243 2517 388 2549 vendidit
416 2514 595 2556 provincias
617 2512 816 2550 Consulares,
840 2512 913 2543 cum
1000 2514 1051 2541 41.
1071 2510 1111 2541 Ut
1135 2507 1297 2547 statualis]
1324 2507 1486 2539 Videlicet
1513 2508 1544 2538 in
1570 2506 1700 2538 ferenda

171 2563 215 2594 eis·
242 2561 376 2602 partitus
404 2569 449 2592 est
481 2559 643 2596 aerarium,
679 2566 711 2589 et
746 2556 913 2599 Brogitaro
958 2554 1113 2587 sententia
1137 2560 1274 2584 statuere
1299 2552 1471 2589 debebant,
1495 2556 1604 2583 utrum
1620 2551 1699 2582 boni

173 2605 408 2638 Pressinuntem
424 2603 578 2635 vendidit.
680 2626 691 2632 .
957 2600 1041 2630 cives
1058 2597 1097 2628 ab
1114 2597 1267 2637 improbis
1280 2606 1403 2637 semper
1416 2594 1628 2637 opprimendi,
1641 2603 1698 2626 aut

216 2649 260 2680 lb.
279 2648 453 2691 lucendio]
470 2648 558 2678 Idem
573 2645 706 2678 Clodius
728 2643 844 2686 Qinti
858 2643 913 2674 Ci-
958 2642 1116 2674 liberandi
1132 2641 1204 2672 sint.

172 2693 295 2725 ceronis
319 2702 351 2724 et
364 2692 473 2723 Marci
491 2691 656 2723 Ciceronis
681 2690 814 2720 domum
842 2698 914 2718 cum
1000 2688 1052 2716 4‘2.
1081 2685 1192 2715 l’ostrae
1222 2685 1398 2715 auctoritati
1431 2683 1525 2714 dediti
1553 2680 1696 2719 suimus]

170 2736 347 2779 prxdiisxt
359 2736 583 2778 Nympharum
594 2733 749 2775 templum
762 2731 914 2764 incendit.
960 2730 1075 2769 Cicero
1098 2739 1224 2770 semper
1254 2729 1400 2761 addictus
1421 2728 1484 2759 suit
1508 2724 1637 2759 Senatui
1667 2731 1700 2754 et

215 2780 262 2812 lb.
288 2779 426 2818 Exitus]
453 2780 614 2811 Exitiosus
635 2777 698 2809 fuit
715 2775 911 2817 Reipublicae
957 2772 1095 2816 equestri
1119 2772 1237 2809 ordini,
1262 2773 1350 2814 cujus
1379 2772 1545 2812 utriusque
1573 2777 1700 2810 semper

170 2825 314 2862 Clodiu<,
325 2824 452 2866 quando
464 2824 574 2864 saepius
584 2822 754 2853 seditiones
767 2819 913 2852 excitavit
956 2817 1181 2849 auctoritatem
1197 2815 1317 2859 ubique
1333 2815 1474 2849 defendit
1491 2823 1602 2846 contra
1616 2811 1698 2844 sedi-

168 2871 201 2902 ΞΒ
216 2869 299 2907 foro,
317 2879 352 2900 ac
367 2867 499 2900 maxime
516 2866 589 2898 ciun
602 2867 645 2899 de
659 2865 766 2899 reditu
780 2864 913 2896 Cicero·
958 2863 1059 2894 tiones
1073 2860 1316 2893 Clodianorum.

1625 2912 1696 2940 VOS
