1872 3135
137 123 234 167 xviii
566 129 657 171 VM.
690 130 898 171 TULLII
933 131 1256 176 CICERONIS

136 239 275 302 conio,
294 255 379 282 esse
399 242 517 284 vellet
534 245 637 286 inter
657 245 802 300 viginti
824 245 928 286 viros
950 260 1044 304 agro
1068 248 1286 303 Campano
1317 249 1536 291 dividendo
1567 250 1724 308 praepo-

137 307 236 338 sitos
255 313 262 338 :
297 299 364 340 sed
386 309 625 358 utrumque,
648 302 830 351 moleste,
845 303 883 344 id
906 302 1056 345 ferente
1075 306 1254 358 Caesare,
1279 307 1518 363 repudiavit.

491 412 706 457 ANNUS
739 415 919 459 URBIS
952 417 1247 463 CONDITAE
1270 425 1368 468 695.

267 506 359 542 Coss.
375 506 417 542 L.
434 501 628 555 Calpurnio
642 508 771 544 Pisone
788 506 979 551 Caesonium
998 509 1041 546 A.
1060 510 1230 553 Gabinio,
1247 521 1328 549 ante
1345 514 1515 551 Clu-istum
1532 518 1593 552 57.

610 559 789 597 Ciceronis
814 562 1105 612 quadragesimus
1122 575 1242 599 nonus.

190 645 290 687 Hoc
316 660 424 686 anno
453 644 601 688 Cicero
622 648 647 688 a
668 647 818 689 Clodio
840 647 1114 703 perditissimo
1134 649 1322 691 Tribuno
1340 650 1468 706 plebis
1489 651 1529 692 in
1551 651 1720 706 exilium

132 712 248 743 actus
279 712 362 744 est:
397 711 518 760 atque
539 712 586 744 ut
604 704 704 746 citra
724 706 866 761 populi
887 705 1159 749 offensionem
1175 723 1271 749 eum
1288 708 1551 764 opprimeret,
1569 709 1720 751 multas

129 758 238 816 leges
259 759 472 816 populares
490 761 672 818 quidem,
691 764 757 804 sed
778 763 956 819 Reipub.
976 764 1221 820 perniciosas
1242 765 1347 807 tulit.
1402 765 1605 807 Consules
1625 769 1720 809 vero

132 817 319 858 mercede
339 818 645 873 provinciarum
673 820 751 862 sibi
776 821 968 863 devinxit.
1029 823 1148 863 Nam
1170 823 1353 864 Gabinio
1375 823 1552 879 Syriam,
1577 824 1717 880 Baby-

131 872 289 926 Ionem,
315 875 452 917 Persas
474 892 482 916 :
522 877 661 919 Pisoni
680 878 904 928 Achaiam,
926 879 1200 931 Thessaliam,
1221 879 1446 931 Graeciam,
1468 881 1717 923 Macedoni-

131 946 216 983 am,
235 947 488 989 omnemque
508 934 717 987 Brotiam
738 936 864 977 dedit.
924 937 1037 978 Tum
1054 937 1147 978 tulit
1167 937 1316 994 legem,
1338 947 1384 978 ut
1405 937 1477 994 qui
1497 938 1630 980 civem
1651 939 1717 980 in-

130 988 374 1031 demnatum
395 990 680 1044 interemisset,
703 993 740 1034 ei
762 996 868 1049 aqua
883 1002 921 1034 et
943 994 1031 1051 igni
1050 994 1366 1036 interdiceretur.
1427 995 1550 1037 Licet
1571 995 1718 1038 Cicero

127 1061 215 1088 non
233 1047 529 1100 nominaretur,
554 1049 663 1091 solus
685 1059 826 1092 tamen
843 1051 1063 1106 petebatur.
1125 1052 1257 1108 Igitur
1290 1052 1437 1094 Cicero
1458 1067 1547 1094 reus
1564 1063 1718 1095 vestem

129 1105 320 1155 mutavit,
337 1115 376 1147 et
392 1106 620 1148 sordidatus
639 1108 792 1164 populo
809 1108 1067 1165 supplicavit.
1117 1110 1169 1151 Ei
1190 1109 1344 1167 ubique
1365 1109 1538 1151 Clodius
1555 1110 1718 1153 nefariis

128 1161 300 1218 stipatus
320 1164 561 1205 hominibus
583 1180 818 1217 occurrens,
834 1167 1109 1208 mutationem
1127 1168 1246 1208 vestis
1262 1166 1499 1223 objiciebat,
1517 1182 1563 1208 ac
1578 1167 1665 1209 luto
1681 1178 1720 1210 et

127 1218 333 1275 lapidibus
356 1220 398 1262 in
419 1237 515 1263 eum
535 1223 748 1280 conjectis,
766 1224 853 1282 ejus
870 1224 1188 1280 supplicationes
1205 1224 1462 1281 impediebat.
1511 1226 1624 1267 Cum
1639 1225 1716 1267 Ci-

128 1291 277 1318 cerone
297 1277 509 1320 universus
540 1291 726 1338 equester
745 1282 844 1323 ordo
865 1291 1019 1324 vestem
1058 1282 1248 1334 mutavit,
1286 1298 1412 1339 quem
1442 1282 1717 1327 adolescentes

125 1334 376 1377 nobilissimi
394 1352 568 1379 numero
585 1338 634 1379 ad
654 1347 708 1380 20
734 1339 863 1381 millia
876 1340 962 1395 ejus
984 1339 1122 1381 salutis
1138 1341 1415 1397 deprecatores
1432 1339 1626 1382 sordidati
1641 1356 1715 1382 co-

126 1391 262 1434 mitati
280 1406 391 1435 sunt.
453 1395 628 1437 Senatus
649 1398 743 1439 vero
764 1397 954 1454 frequens
981 1398 1190 1450 convenit,
1224 1406 1263 1438 et
1296 1407 1496 1455 tanquam
1526 1398 1569 1456 in
1601 1397 1717 1440 luctu

126 1449 296 1505 publico
318 1460 473 1494 vestem
491 1454 734 1496 mutandam
752 1454 926 1506 censuit,
953 1455 1020 1496 sed
1042 1465 1201 1497 vetuere
1219 1455 1433 1498 Consules.
1484 1455 1655 1512 Equites
1672 1456 1717 1499 in
1773 1478 1777 1480 -

127 1507 338 1564 Capitolio
358 1509 535 1561 adfuere,
560 1510 633 1568 qui
653 1512 702 1553 ad
724 1512 945 1563 ConsuleS,
969 1523 1008 1554 et
1035 1513 1083 1554 ad
1112 1515 1313 1556 Senatum
1338 1513 1492 1570 legatos
1519 1528 1604 1554 non
1645 1528 1713 1555 so·

125 1564 218 1607 lum
243 1580 291 1608 ex
325 1582 400 1608 suo
434 1568 593 1619 ordine,
633 1571 779 1611 verum
811 1570 936 1611 etiam
972 1585 1019 1611 ex
1048 1569 1262 1612 Senatorio
1283 1571 1341 1613 Q.
1364 1570 1657 1622 Hortensium,
1676 1582 1715 1614 et

114 1623 179 1665 C.
214 1623 443 1666 Curionem
482 1625 699 1678 miserunt,
741 1627 813 1684 qui
850 1642 924 1683 pro
956 1627 1157 1670 Cicerone
1177 1625 1489 1683 deprecarentur
1507 1644 1520 1680 3
1557 1628 1626 1670 sed
1646 1644 1715 1671 eos

122 1684 313 1736 respuere
349 1682 552 1725 Consules
571 1699 584 1736 3
630 1684 716 1727 imo
739 1686 791 1726 L.
813 1685 951 1727 AElius
969 1687 1117 1728 Lamia
1136 1685 1333 1742 equestris
1349 1685 1504 1727 ordinis
1525 1686 1715 1742 princeps

122 1739 149 1779 a
180 1739 366 1781 Gabinio
398 1740 595 1796 relegatus
627 1751 699 1784 est.
761 1744 907 1799 ltaque
939 1743 1086 1785 Cicero
1124 1745 1150 1784 a
1187 1742 1443 1785 Consulibus
1482 1742 1712 1796 derelictus,

123 1795 308 1851 proditus
341 1799 366 1839 a
397 1799 609 1854 Pompeio,
641 1799 708 1840 cui
743 1799 865 1842 toties
899 1800 1064 1853 faverat,
1100 1800 1201 1842 urbe
1227 1800 1364 1856 potius
1398 1801 1553 1852 cedere,
1585 1802 1713 1858 quam

122 1868 217 1894 eam
237 1854 402 1896 armatis
423 1856 666 1898 hominibus
683 1857 862 1914 objicere
883 1858 1053 1900 maluit:
1088 1858 1308 1900 abeuntem
1337 1873 1482 1910 omnes
1517 1873 1616 1900 cum
1650 1858 1710 1900 la-

124 1912 276 1967 crymis
293 1914 497 1968 prosecuti
515 1924 612 1955 sunt
643 1930 740 1956 cum
778 1915 944 1971 publiea
977 1917 1024 1957 ad
1061 1931 1172 1973 reges
1215 1916 1502 1972 principesque
1535 1916 1713 1958 Senatfis

123 1970 499 2013 commendatione.
562 1973 703 2014 Caesar
732 1974 803 2029 qui
826 1974 866 2014 in
891 1974 1045 2015 Gallias
1063 1974 1379 2030 proficiscicum
1396 1973 1568 2029 imperio
1587 1973 1710 2015 debe-

121 2024 210 2077 bat,
234 2043 320 2070 non
349 2028 459 2084 prius
489 2029 538 2071 ad
570 2031 797 2072 exereitum
821 2031 937 2083 abiit,
977 2034 1105 2089 quam
1139 2032 1388 2074 Ciceronem
1417 2046 1486 2086 per
1513 2031 1735 2074 Clodium*-

122 2084 246 2126 Italia
265 2086 496 2141 expulisset.
557 2088 682 2131 Nihil
713 2104 800 2130 nou
836 2088 879 2130 in
910 2105 1006 2131 eum
1042 2089 1256 2131 crudeliter
1275 2089 1358 2146 egit
1378 2088 1550 2132 Clodius
1567 2104 1580 2140 ;
1612 2103 1713 2130 nam

122 2141 308 2185 edictum
347 2145 575 2200 proposuit,
614 2154 659 2186 ut
688 2145 725 2187 ei
763 2149 871 2203 aqua
912 2157 950 2188 et
990 2147 1076 2204 igni
1110 2147 1432 2199 interdiceretur,
1455 2155 1495 2205 et
1524 2161 1576 2188 ne
1608 2143 1715 2188 intra

123 2199 352 2257 quingenta
379 2197 514 2244 ‘millia
545 2217 742 2259 passuum
764 2206 813 2246 ab
833 2205 951 2246 ltalia
973 2214 1080 2246 tecto
1098 2205 1357 2261 reciperetur,
1380 2214 1419 2246 et
1440 2204 1513 2260 qui
1528 2205 1628 2245 eum'
1646 2219 1711 2245 re-

123 2257 322 2313 ciperent,
341 2259 516 2315 impune
537 2261 875 2303 interficerentur.
925 2266 984 2304 At
1002 2278 1171 2318 poenam
1189 2263 1302 2317 illa-m
1319 2277 1463 2304 omnes
1483 2261 1720 2319 neglexere,-

121 2329 223 2356 nam
242 2331 339 2358 eum
361 2327 399 2358 et
419 2317 591 2360 comiter
611 2334 756 2360 omnes
778 2330 817 2360 et
838 2321 1035 2362 benevole
1058 2320 1331 2376 accipiebant,
1348 2329 1388 2361 et
1404 2319 1710 2376 prosequeban-

121 2379 199 2414 tur.
261 2374 436 2416 Clodius
458 2375 570 2417 villas
595 2376 682 2433 ejus
717 2376 901 2418 incendit
937 2394 1034 2420 cum
1068 2379 1196 2420 domo
1224 2393 1319 2435 quae
1352 2385 1436 2420 erat
1458 2377 1504 2419 in
1539 2375 1710 2430 Palatio,

121 2444 258 2472 aream
292 2431 336 2473 in
368 2433 499 2474 aedem
519 2433 740 2475 Libertatis
760 2438 1027 2488 consecravit,
1048 2436 1201 2493 reliqua
1221 2435 1332 2477 bona
1353 2436 1481 2476 hastae
1506 2433 1682 2490 subjecit
1699 2449 1709 2474 :

119 2501 246 2529 nemo
267 2497 404 2531 tamen
423 2491 471 2532 ad
490 2491 651 2533 hastam
669 2492 850 2534 accessit.
899 2496 1076 2535 Summo
1098 2509 1171 2535 suo
1187 2493 1326 2535 dolore
1341 2491 1546 2549 profectus
1563 2491 1712 2534 Cicero

121 2558 193 2601 per
212 2547 461 2599 Lucaniam,
484 2548 669 2591 Siciliam
691 2552 829 2591 versus
855 2553 995 2593 venit:
1031 2552 1129 2593 hinc
1146 2551 1376 2602 Vibonem,
1399 2548 1709 2602 Brundusium3

119 2611 161 2643 et
199 2602 293 2645 inde
331 2606 597 2661 Dyrrhachio
630 2608 970 2650 Thessalonicam
1003 2604 1058 2649 ad'
1083 2608 1297 2660 Plancium
1323 2606 1544 2663 profectus,
1566 2606 1639 2649 ubi
1658 2607 1709 2648 ab
1738 2645 1747 2659 x

120 2673 169 2700 eo
197 2671 355 2716 septem
391 2678 552 2705 menses
575 2664 762 2706 detentus
785 2675 855 2707 est.
918 2666 1093 2708 Interim
1113 2668 1288 2708 Senatus
1309 2665 1499 2722 frequens
1515 2663 1711 2706 referente

118 2717 173 2759 L.
196 2719 428 2771 Mummio,
451 2721 566 2762 nullo
583 2722 863 2774 dissentiente,
881 2723 929 2764 de
949 2723 1163 2766 Ciceronis
1183 2723 1313 2764 reditu
1328 2723 1518 2764 decrevit.
1581 2723 1709 2763 Pom·

118 2775 252 2829 peius,
269 2775 352 2818 sive
366 2778 476 2834 quod
492 2794 591 2820 eum
607 2794 693 2820 suae
710 2780 888 2837 perfidiae
908 2781 1133 2837 puduisset,
1146 2780 1229 2822 sive
1246 2781 1354 2838 quod
1371 2782 1395 2822 a
1412 2779 1562 2822 Clodio
1575 2778 1708 2820 offen·

117 2847 185 2877 sus
203 2843 323 2887 esset,
343 2850 440 2891 quia
450 2835 692 2893 Tigranem,
710 2837 925 2881 Armeniae
942 2839 1044 2897 regis
1060 2838 1193 2882 filium
1211 2837 1420 2895 captivum
1436 2837 1564 2880 invito
1579 2835 1708 2899 Porn-

1129 2909 1134 2914 ·
1356 2903 1362 2908 ·
1622 2908 1714 2951 peto
