<?xml version="1.0" encoding="UTF-8"?>
<!DOCTYPE html PUBLIC "-//W3C//DTD XHTML 1.0 Transitional//EN"
    "http://www.w3.org/TR/xhtml1/DTD/xhtml1-transitional.dtd">
<html xmlns="http://www.w3.org/1999/xhtml" xml:lang="en" lang="en">
 <head>
  <title>
</title>
<meta http-equiv="Content-Type" content="text/html;charset=utf-8" />
  <meta name='ocr-system' content='tesseract 3.04.00' />
  <meta name='ocr-capabilities' content='ocr_page ocr_carea ocr_par ocr_line ocrx_word'/>
</head>
<body>
  <div class='ocr_page' id='page_1' title='image "./orationesquaedam00ciceuoft/orationesquaedam00ciceuoft_0269.png"; bbox 0 0 1872 3135; ppageno 0'>
   <div class='ocr_carea' id='block_1_1' title="bbox 544 115 1278 166">
    <p class='ocr_par' dir='ltr' id='par_1_1' title="bbox 544 115 1278 166">
     <span class='ocr_line' id='line_1_1' title="bbox 544 115 1278 166; baseline -0.005 -1"><span class='ocrx_word' id='word_1_1' title='bbox 544 119 773 166; x_wconf 88' lang='lat' dir='ltr'><strong>ORATIO</strong></span> <span class='ocrx_word' id='word_1_2' title='bbox 806 119 919 164; x_wconf 87' lang='lat' dir='ltr'>PRO</span> <span class='ocrx_word' id='word_1_3' title='bbox 950 118 1020 164; x_wconf 89' lang='lat' dir='ltr'>M.</span> <span class='ocrx_word' id='word_1_4' title='bbox 1053 115 1278 163; x_wconf 91' lang='lat' dir='ltr'><strong>COELIO.</strong></span> 
     </span>
    </p>
   </div>
   <div class='ocr_carea' id='block_1_2' title="bbox 105 231 1660 471">
    <p class='ocr_par' dir='ltr' id='par_1_2' title="bbox 105 231 1660 471">
     <span class='ocr_line' id='line_1_2' title="bbox 111 231 1659 294; baseline -0.006 -11"><span class='ocrx_word' id='word_1_5' title='bbox 111 239 250 294; x_wconf 81' lang='lat' dir='ltr'>stulat,</span> <span class='ocrx_word' id='word_1_6' title='bbox 272 236 573 283; x_wconf 79' lang='lat' dir='ltr'>nominamus:</span> <span class='ocrx_word' id='word_1_7' title='bbox 606 237 689 290; x_wconf 89' lang='lat' dir='ltr'>sin,</span> <span class='ocrx_word' id='word_1_8' title='bbox 712 236 792 279; x_wconf 67' lang='lat' dir='ltr'>ista</span> <span class='ocrx_word' id='word_1_9' title='bbox 820 236 992 280; x_wconf 84' lang='lat' dir='ltr'>muliere</span> <span class='ocrx_word' id='word_1_10' title='bbox 1028 236 1203 288; x_wconf 56' lang='lat' dir='ltr'>remota,</span> <span class='ocrx_word' id='word_1_11' title='bbox 1237 249 1315 277; x_wconf 89' lang='lat' dir='ltr'>nec</span> <span class='ocrx_word' id='word_1_12' title='bbox 1343 233 1501 276; x_wconf 85' lang='lat' dir='ltr'><strong>crimen</strong></span> <span class='ocrx_word' id='word_1_13' title='bbox 1523 231 1659 275; x_wconf 88' lang='lat' dir='ltr'>ullum</span> 
     </span>
     <span class='ocr_line' id='line_1_3' title="bbox 108 290 1659 355; baseline -0.005 -15"><span class='ocrx_word' id='word_1_14' title='bbox 108 314 188 341; x_wconf 83' lang='lat' dir='ltr'>nec</span> <span class='ocrx_word' id='word_1_15' title='bbox 201 312 300 355; x_wconf 87' lang='lat' dir='ltr'>opes</span> <span class='ocrx_word' id='word_1_16' title='bbox 318 298 368 340; x_wconf 90' lang='lat' dir='ltr'>ad</span> <span class='ocrx_word' id='word_1_17' title='bbox 385 296 717 354; x_wconf 85' lang='lat' dir='ltr'>oppugnandum</span> <span class='ocrx_word' id='word_1_18' title='bbox 739 295 929 338; x_wconf 85' lang='lat' dir='ltr'>Coelium</span> <span class='ocrx_word' id='word_1_19' title='bbox 943 295 1022 337; x_wconf 89' lang='lat' dir='ltr'>illis</span> <span class='ocrx_word' id='word_1_20' title='bbox 1038 294 1340 352; x_wconf 84' lang='lat' dir='ltr'>relinquentur,</span> <span class='ocrx_word' id='word_1_21' title='bbox 1355 290 1458 350; x_wconf 87' lang='lat' dir='ltr'>quid</span> <span class='ocrx_word' id='word_1_22' title='bbox 1473 300 1533 333; x_wconf 87' lang='lat' dir='ltr'>est</span> <span class='ocrx_word' id='word_1_23' title='bbox 1546 290 1659 332; x_wconf 86' lang='lat' dir='ltr'>aliud</span> 
     </span>
     <span class='ocr_line' id='line_1_4' title="bbox 108 349 1660 414; baseline -0.006 -16"><span class='ocrx_word' id='word_1_24' title='bbox 108 357 219 414; x_wconf 87' lang='lat' dir='ltr'>quod</span> <span class='ocrx_word' id='word_1_25' title='bbox 241 371 318 398; x_wconf 91' lang='lat' dir='ltr'>nos</span> <span class='ocrx_word' id='word_1_26' title='bbox 340 354 499 412; x_wconf 83' lang='lat' dir='ltr'>patroni</span> <span class='ocrx_word' id='word_1_27' title='bbox 537 354 669 396; x_wconf 85' lang='lat' dir='ltr'>facere</span> <span class='ocrx_word' id='word_1_28' title='bbox 704 353 944 406; x_wconf 83' lang='lat' dir='ltr'>debeamus,</span> <span class='ocrx_word' id='word_1_29' title='bbox 967 354 1048 396; x_wconf 88' lang='lat' dir='ltr'>nisi</span> <span class='ocrx_word' id='word_1_30' title='bbox 1074 362 1122 395; x_wconf 89' lang='lat' dir='ltr'>ut</span> <span class='ocrx_word' id='word_1_31' title='bbox 1152 367 1239 404; x_wconf 90' lang='lat' dir='ltr'>eos,</span> <span class='ocrx_word' id='word_1_32' title='bbox 1275 352 1347 409; x_wconf 88' lang='lat' dir='ltr'>qui</span> <span class='ocrx_word' id='word_1_33' title='bbox 1386 349 1660 402; x_wconf 83' lang='lat' dir='ltr'>insectantur,</span> 
     </span>
     <span class='ocr_line' id='line_1_5' title="bbox 105 406 1656 471; baseline -0.005 -15"><span class='ocrx_word' id='word_1_34' title='bbox 105 413 384 471; x_wconf 82' lang='lat' dir='ltr'>repellamus?</span> <span class='ocrx_word' id='word_1_35' title='bbox 421 413 532 469; x_wconf 88' lang='lat' dir='ltr'>quod</span> <span class='ocrx_word' id='word_1_36' title='bbox 570 410 741 471; x_wconf 87' lang='lat' dir='ltr'>quidem</span> <span class='ocrx_word' id='word_1_37' title='bbox 774 411 951 454; x_wconf 89' lang='lat' dir='ltr'>facerem</span> <span class='ocrx_word' id='word_1_38' title='bbox 991 409 1299 462; x_wconf 75' lang='lat' dir='ltr'>vehementius,</span> <span class='ocrx_word' id='word_1_39' title='bbox 1325 407 1407 451; x_wconf 83' lang='lat' dir='ltr'>nisi</span> <span class='ocrx_word' id='word_1_40' title='bbox 1426 406 1656 450; x_wconf 83' lang='lat' dir='ltr'>intercede-</span> 
     </span>
    </p>
   </div>
   <div class='ocr_carea' id='block_1_3' title="bbox 108 464 1730 514">
    <p class='ocr_par' dir='ltr' id='par_1_3' title="bbox 108 464 1730 514">
     <span class='ocr_line' id='line_1_6' title="bbox 108 464 1730 514; baseline -0.006 0"><span class='ocrx_word' id='word_1_41' title='bbox 108 480 200 514; x_wconf 85' lang='lat' dir='ltr'>rent</span> <span class='ocrx_word' id='word_1_42' title='bbox 218 470 326 514; x_wconf 86' lang='lat' dir='ltr'>mihi</span> <span class='ocrx_word' id='word_1_43' title='bbox 347 470 580 513; x_wconf 72' lang='lat' dir='ltr'>inimicitiae</span> <span class='ocrx_word' id='word_1_44' title='bbox 604 486 700 512; x_wconf 90' lang='lat' dir='ltr'>cum</span> <span class='ocrx_word' id='word_1_45' title='bbox 725 469 841 512; x_wconf 87' lang='lat' dir='ltr'>istius</span> <span class='ocrx_word' id='word_1_46' title='bbox 868 469 1053 512; x_wconf 89' lang='lat' dir='ltr'>mulieris</span> <span class='ocrx_word' id='word_1_47' title='bbox 1086 469 1199 511; x_wconf 81' lang='lat' dir='ltr'>viro:</span> <span class='ocrx_word' id='word_1_48' title='bbox 1234 467 1401 510; x_wconf 90' lang='lat' dir='ltr'>fratrem</span> <span class='ocrx_word' id='word_1_49' title='bbox 1439 464 1552 509; x_wconf 87' lang='lat' dir='ltr'>volui</span> <span class='ocrx_word' id='word_1_50' title='bbox 1591 464 1656 506; x_wconf 86' lang='lat' dir='ltr'>di·</span> <span class='ocrx_word' id='word_1_51' title='bbox 1678 471 1730 506; x_wconf 76' lang='lat'>25</span> 
     </span>
    </p>
   </div>
   <div class='ocr_carea' id='block_1_4' title="bbox 67 522 1661 762">
    <p class='ocr_par' dir='ltr' id='par_1_4' title="bbox 67 522 1661 762">
     <span class='ocr_line' id='line_1_7' title="bbox 67 522 1661 586; baseline -0.003 -18"><span class='ocrx_word' id='word_1_52' title='bbox 67 565 72 568; x_wconf 84' lang='lat'>.</span> <span class='ocrx_word' id='word_1_53' title='bbox 111 544 228 572; x_wconf 84' lang='lat' dir='ltr'>cere:</span> <span class='ocrx_word' id='word_1_54' title='bbox 263 545 424 586; x_wconf 83' lang='lat' dir='ltr'>semper</span> <span class='ocrx_word' id='word_1_55' title='bbox 444 531 514 571; x_wconf 72' lang='lat' dir='ltr'>hic</span> <span class='ocrx_word' id='word_1_56' title='bbox 534 544 622 570; x_wconf 89' lang='lat' dir='ltr'>erro</span> <span class='ocrx_word' id='word_1_57' title='bbox 641 544 650 570; x_wconf 90' lang='lat'>:</span> <span class='ocrx_word' id='word_1_58' title='bbox 683 543 798 570; x_wconf 88' lang='lat' dir='ltr'>nunc</span> <span class='ocrx_word' id='word_1_59' title='bbox 836 543 956 586; x_wconf 83' lang='lat' dir='ltr'>agam</span> <span class='ocrx_word' id='word_1_60' title='bbox 979 527 1163 578; x_wconf 69' lang='lat' dir='ltr'>modice,</span> <span class='ocrx_word' id='word_1_61' title='bbox 1186 541 1239 568; x_wconf 90' lang='lat' dir='ltr'>ne</span> <span class='ocrx_word' id='word_1_62' title='bbox 1261 525 1428 583; x_wconf 64' lang='lat' dir='ltr'>longifls</span> <span class='ocrx_word' id='word_1_63' title='bbox 1449 522 1661 581; x_wconf 75' lang='lat' dir='ltr'>progredi-</span> 
     </span>
     <span class='ocr_line' id='line_1_8' title="bbox 106 580 1657 646; baseline -0.005 -16"><span class='ocrx_word' id='word_1_64' title='bbox 106 603 171 640; x_wconf 79' lang='lat' dir='ltr'>ar,</span> <span class='ocrx_word' id='word_1_65' title='bbox 188 589 322 646; x_wconf 75' lang='lat' dir='ltr'>quam</span> <span class='ocrx_word' id='word_1_66' title='bbox 342 603 410 630; x_wconf 89' lang='lat' dir='ltr'>me</span> <span class='ocrx_word' id='word_1_67' title='bbox 431 602 524 630; x_wconf 86' lang='lat' dir='ltr'>mea</span> <span class='ocrx_word' id='word_1_68' title='bbox 544 587 659 638; x_wconf 86' lang='lat' dir='ltr'>fides,</span> <span class='ocrx_word' id='word_1_69' title='bbox 681 597 721 629; x_wconf 91' lang='lat' dir='ltr'>et</span> <span class='ocrx_word' id='word_1_70' title='bbox 752 600 875 628; x_wconf 89' lang='lat' dir='ltr'>causa</span> <span class='ocrx_word' id='word_1_71' title='bbox 909 587 998 642; x_wconf 85' lang='lat' dir='ltr'>ipsa</span> <span class='ocrx_word' id='word_1_72' title='bbox 1029 594 1178 643; x_wconf 80' lang='lat' dir='ltr'>coget3</span> <span class='ocrx_word' id='word_1_73' title='bbox 1212 599 1349 642; x_wconf 86' lang='lat' dir='ltr'>neque</span> <span class='ocrx_word' id='word_1_74' title='bbox 1370 584 1483 625; x_wconf 88' lang='lat' dir='ltr'>enim</span> <span class='ocrx_word' id='word_1_75' title='bbox 1504 580 1657 624; x_wconf 87' lang='lat' dir='ltr'>mulie-</span> 
     </span>
     <span class='ocr_line' id='line_1_9' title="bbox 105 641 1661 703; baseline -0.004 -15"><span class='ocrx_word' id='word_1_76' title='bbox 105 645 201 688; x_wconf 89' lang='lat' dir='ltr'>bres</span> <span class='ocrx_word' id='word_1_77' title='bbox 221 661 411 703; x_wconf 87' lang='lat' dir='ltr'>unquam</span> <span class='ocrx_word' id='word_1_78' title='bbox 429 653 443 670; x_wconf 81' lang='lat'><em>²</em></span> <span class='ocrx_word' id='word_1_79' title='bbox 459 644 700 688; x_wconf 79' lang='lat' dir='ltr'>inimicitias</span> <span class='ocrx_word' id='word_1_80' title='bbox 722 642 830 685; x_wconf 88' lang='lat' dir='ltr'>mihi</span> <span class='ocrx_word' id='word_1_81' title='bbox 863 643 1060 700; x_wconf 81' lang='lat' dir='ltr'>gerendas</span> <span class='ocrx_word' id='word_1_82' title='bbox 1096 641 1253 699; x_wconf 83' lang='lat' dir='ltr'>putavi,</span> <span class='ocrx_word' id='word_1_83' title='bbox 1292 641 1521 697; x_wconf 68' lang='lat' dir='ltr'>praesertim</span> <span class='ocrx_word' id='word_1_84' title='bbox 1560 654 1661 681; x_wconf 90' lang='lat' dir='ltr'>cum</span> 
     </span>
     <span class='ocr_line' id='line_1_10' title="bbox 108 700 1661 762; baseline -0.005 -16"><span class='ocrx_word' id='word_1_85' title='bbox 108 704 175 756; x_wconf 65' lang='lat' dir='ltr'>ea,</span> <span class='ocrx_word' id='word_1_86' title='bbox 193 719 320 762; x_wconf 90' lang='lat' dir='ltr'>quam</span> <span class='ocrx_word' id='word_1_87' title='bbox 343 718 490 746; x_wconf 82' lang='lat' dir='ltr'>omnes</span> <span class='ocrx_word' id='word_1_88' title='bbox 512 716 675 758; x_wconf 83' lang='lat' dir='ltr'>semper</span> <span class='ocrx_word' id='word_1_89' title='bbox 688 700 867 743; x_wconf 86' lang='lat' dir='ltr'>amicam</span> <span class='ocrx_word' id='word_1_90' title='bbox 882 700 1078 742; x_wconf 89' lang='lat' dir='ltr'>omnium</span> <span class='ocrx_word' id='word_1_91' title='bbox 1091 700 1248 756; x_wconf 56' lang='lat' dir='ltr'>pot&#39;nES,</span> <span class='ocrx_word' id='word_1_92' title='bbox 1267 702 1394 756; x_wconf 74' lang='lat' dir='ltr'>quam</span> <span class='ocrx_word' id='word_1_93' title='bbox 1411 700 1661 756; x_wconf 82' lang='lat' dir='ltr'>cujusquam</span> 
     </span>
    </p>
   </div>
   <div class='ocr_carea' id='block_1_5' title="bbox 107 761 615 819">
    <p class='ocr_par' dir='ltr' id='par_1_5' title="bbox 107 761 615 819">
     <span class='ocr_line' id='line_1_11' title="bbox 107 761 615 819; baseline 0 -16"><span class='ocrx_word' id='word_1_94' title='bbox 107 761 332 805; x_wconf 78' lang='lat' dir='ltr'>inimicam</span> <span class='ocrx_word' id='word_1_95' title='bbox 355 769 615 819; x_wconf 88' lang='lat' dir='ltr'>putaverunt.</span> 
     </span>
    </p>
   </div>
   <div class='ocr_carea' id='block_1_6' title="bbox 678 758 1735 815">
    <p class='ocr_par' dir='ltr' id='par_1_6' title="bbox 678 758 1735 815">
     <span class='ocr_line' id='line_1_12' title="bbox 678 758 1735 815; baseline -0.003 -15"><span class='ocrx_word' id='word_1_96' title='bbox 678 759 758 801; x_wconf 89' lang='lat' dir='ltr'>Sed</span> <span class='ocrx_word' id='word_1_97' title='bbox 781 760 922 800; x_wconf 84' lang='lat' dir='ltr'>tamen</span> <span class='ocrx_word' id='word_1_98' title='bbox 953 773 1002 800; x_wconf 87' lang='lat' dir='ltr'>ex</span> <span class='ocrx_word' id='word_1_99' title='bbox 1037 758 1128 815; x_wconf 60' lang='lat' dir='ltr'>ipsa</span> <span class='ocrx_word' id='word_1_100' title='bbox 1149 772 1338 815; x_wconf 81' lang='lat' dir='ltr'>quaeram</span> <span class='ocrx_word' id='word_1_101' title='bbox 1361 759 1490 814; x_wconf 73' lang='lat' dir='ltr'>prius,</span> <span class='ocrx_word' id='word_1_102' title='bbox 1513 758 1659 798; x_wconf 78' lang='lat' dir='ltr'>utrum</span> <span class='ocrx_word' id='word_1_103' title='bbox 1677 763 1735 798; x_wconf 79' lang='grc'>30</span> 
     </span>
    </p>
   </div>
   <div class='ocr_carea' id='block_1_7' title="bbox 106 813 1664 1049">
    <p class='ocr_par' dir='ltr' id='par_1_7' title="bbox 106 813 1664 1049">
     <span class='ocr_line' id='line_1_13' title="bbox 107 813 1660 875; baseline -0.004 -13"><span class='ocrx_word' id='word_1_104' title='bbox 107 834 178 862; x_wconf 91' lang='lat' dir='ltr'>me</span> <span class='ocrx_word' id='word_1_105' title='bbox 209 834 351 862; x_wconf 89' lang='lat' dir='ltr'>secum</span> <span class='ocrx_word' id='word_1_106' title='bbox 374 820 526 871; x_wconf 73' lang='lat' dir='ltr'>severe,</span> <span class='ocrx_word' id='word_1_107' title='bbox 549 827 589 859; x_wconf 88' lang='lat' dir='ltr'>et</span> <span class='ocrx_word' id='word_1_108' title='bbox 619 816 809 875; x_wconf 85' lang='lat' dir='ltr'>graviter,</span> <span class='ocrx_word' id='word_1_109' title='bbox 827 826 868 859; x_wconf 84' lang='lat' dir='ltr'>et</span> <span class='ocrx_word' id='word_1_110' title='bbox 901 815 1036 873; x_wconf 75' lang='lat' dir='ltr'>prisce</span> <span class='ocrx_word' id='word_1_111' title='bbox 1072 824 1191 875; x_wconf 83' lang='lat' dir='ltr'>agere</span> <span class='ocrx_word' id='word_1_112' title='bbox 1210 815 1329 858; x_wconf 89' lang='lat' dir='ltr'>malit</span> <span class='ocrx_word' id='word_1_113' title='bbox 1347 830 1360 868; x_wconf 99' lang='lat'>3</span> <span class='ocrx_word' id='word_1_114' title='bbox 1395 830 1447 856; x_wconf 87' lang='lat' dir='ltr'>an</span> <span class='ocrx_word' id='word_1_115' title='bbox 1471 813 1660 866; x_wconf 74' lang='lat' dir='ltr'>remisse,</span> 
     </span>
     <span class='ocr_line' id='line_1_14' title="bbox 107 871 1662 931; baseline -0.005 -11"><span class='ocrx_word' id='word_1_116' title='bbox 107 892 156 919; x_wconf 88' lang='lat' dir='ltr'>ac</span> <span class='ocrx_word' id='word_1_117' title='bbox 181 877 344 931; x_wconf 86' lang='lat' dir='ltr'>leniter,</span> <span class='ocrx_word' id='word_1_118' title='bbox 365 886 406 918; x_wconf 89' lang='lat' dir='ltr'>et</span> <span class='ocrx_word' id='word_1_119' title='bbox 424 875 612 929; x_wconf 76' lang='lat' dir='ltr'>urbane3</span> <span class='ocrx_word' id='word_1_120' title='bbox 648 874 681 916; x_wconf 88' lang='lat' dir='ltr'>si</span> <span class='ocrx_word' id='word_1_121' title='bbox 701 874 773 917; x_wconf 89' lang='lat' dir='ltr'>illo</span> <span class='ocrx_word' id='word_1_122' title='bbox 796 883 958 918; x_wconf 87' lang='lat' dir='ltr'>austero</span> <span class='ocrx_word' id='word_1_123' title='bbox 989 890 1106 917; x_wconf 90' lang='lat' dir='ltr'>more</span> <span class='ocrx_word' id='word_1_124' title='bbox 1128 890 1175 917; x_wconf 86' lang='lat' dir='ltr'>ac</span> <span class='ocrx_word' id='word_1_125' title='bbox 1196 874 1351 926; x_wconf 81' lang='lat' dir='ltr'>modo3</span> <span class='ocrx_word' id='word_1_126' title='bbox 1387 872 1535 930; x_wconf 85' lang='lat' dir='ltr'>aliquis</span> <span class='ocrx_word' id='word_1_127' title='bbox 1552 871 1662 914; x_wconf 89' lang='lat' dir='ltr'>mihi</span> 
     </span>
     <span class='ocr_line' id='line_1_15' title="bbox 107 930 1664 986; baseline -0.003 -9"><span class='ocrx_word' id='word_1_128' title='bbox 107 934 161 977; x_wconf 88' lang='lat' dir='ltr'>ab</span> <span class='ocrx_word' id='word_1_129' title='bbox 181 934 322 978; x_wconf 87' lang='lat' dir='ltr'>inferis</span> <span class='ocrx_word' id='word_1_130' title='bbox 337 936 353 960; x_wconf 76' lang='lat'>¹²</span> <span class='ocrx_word' id='word_1_131' title='bbox 371 933 613 976; x_wconf 85' lang='lat' dir='ltr'>excitandus</span> <span class='ocrx_word' id='word_1_132' title='bbox 634 942 710 984; x_wconf 88' lang='lat' dir='ltr'>est,</span> <span class='ocrx_word' id='word_1_133' title='bbox 733 948 781 975; x_wconf 88' lang='lat' dir='ltr'>ex</span> <span class='ocrx_word' id='word_1_134' title='bbox 813 933 994 976; x_wconf 86' lang='lat' dir='ltr'>barbatis</span> <span class='ocrx_word' id='word_1_135' title='bbox 1027 932 1122 985; x_wconf 89' lang='lat' dir='ltr'>illis,</span> <span class='ocrx_word' id='word_1_136' title='bbox 1146 948 1233 974; x_wconf 88' lang='lat' dir='ltr'>non</span> <span class='ocrx_word' id='word_1_137' title='bbox 1264 933 1344 974; x_wconf 71' lang='lat' dir='ltr'>hac</span> <span class='ocrx_word' id='word_1_138' title='bbox 1366 930 1553 982; x_wconf 74' lang='lat' dir='ltr'>barbula,</span> <span class='ocrx_word' id='word_1_139' title='bbox 1577 931 1664 986; x_wconf 59' lang='lat' dir='ltr'>qua</span> 
     </span>
     <span class='ocr_line' id='line_1_16' title="bbox 106 987 1662 1049; baseline -0.004 -13"><span class='ocrx_word' id='word_1_140' title='bbox 106 993 187 1036; x_wconf 87' lang='lat' dir='ltr'>ista</span> <span class='ocrx_word' id='word_1_141' title='bbox 206 992 429 1035; x_wconf 81' lang='lat' dir='ltr'>delectatur</span> <span class='ocrx_word' id='word_1_142' title='bbox 443 1009 459 1046; x_wconf 91' lang='lat'>3</span> <span class='ocrx_word' id='word_1_143' title='bbox 495 992 562 1034; x_wconf 89' lang='lat' dir='ltr'>sed</span> <span class='ocrx_word' id='word_1_144' title='bbox 583 991 657 1034; x_wconf 65' lang='lat' dir='ltr'>illa</span> <span class='ocrx_word' id='word_1_145' title='bbox 676 990 859 1044; x_wconf 74' lang='lat' dir='ltr'>horrida,</span> <span class='ocrx_word' id='word_1_146' title='bbox 874 1006 1001 1049; x_wconf 89' lang='lat' dir='ltr'>quam</span> <span class='ocrx_word' id='word_1_147' title='bbox 1019 990 1063 1033; x_wconf 89' lang='lat' dir='ltr'>in</span> <span class='ocrx_word' id='word_1_148' title='bbox 1085 991 1230 1033; x_wconf 85' lang='lat' dir='ltr'>statuis</span> <span class='ocrx_word' id='word_1_149' title='bbox 1251 988 1432 1047; x_wconf 86' lang='lat' dir='ltr'>antiquis</span> <span class='ocrx_word' id='word_1_150' title='bbox 1450 997 1490 1031; x_wconf 89' lang='lat' dir='ltr'>et</span> <span class='ocrx_word' id='word_1_151' title='bbox 1509 987 1662 1046; x_wconf 89' lang='lat' dir='ltr'>imagi-</span> 
     </span>
    </p>
   </div>
   <div class='ocr_carea' id='block_1_8' title="bbox 107 1047 1734 1109">
    <p class='ocr_par' dir='ltr' id='par_1_8' title="bbox 107 1047 1734 1109">
     <span class='ocr_line' id='line_1_17' title="bbox 107 1047 1734 1109; baseline -0.002 -16"><span class='ocrx_word' id='word_1_152' title='bbox 107 1050 233 1094; x_wconf 90' lang='lat' dir='ltr'>nibus</span> <span class='ocrx_word' id='word_1_153' title='bbox 271 1051 490 1093; x_wconf 77' lang='lat' dir='ltr'>videmus:</span> <span class='ocrx_word' id='word_1_154' title='bbox 525 1050 596 1109; x_wconf 91' lang='lat' dir='ltr'>qui</span> <span class='ocrx_word' id='word_1_155' title='bbox 631 1049 822 1108; x_wconf 82' lang='lat' dir='ltr'>objurget</span> <span class='ocrx_word' id='word_1_156' title='bbox 852 1049 1086 1102; x_wconf 87' lang='lat' dir='ltr'>mulierem,</span> <span class='ocrx_word' id='word_1_157' title='bbox 1120 1058 1159 1091; x_wconf 92' lang='lat' dir='ltr'>et</span> <span class='ocrx_word' id='word_1_158' title='bbox 1193 1063 1268 1105; x_wconf 90' lang='lat' dir='ltr'>pro</span> <span class='ocrx_word' id='word_1_159' title='bbox 1287 1063 1357 1090; x_wconf 90' lang='lat' dir='ltr'>me</span> <span class='ocrx_word' id='word_1_160' title='bbox 1378 1047 1587 1105; x_wconf 84' lang='lat' dir='ltr'>loquatur,</span> <span class='ocrx_word' id='word_1_161' title='bbox 1611 1061 1662 1088; x_wconf 86' lang='lat' dir='ltr'>ne</span> <span class='ocrx_word' id='word_1_162' title='bbox 1681 1054 1734 1089; x_wconf 87' lang='lat'>35</span> 
     </span>
    </p>
   </div>
   <div class='ocr_carea' id='block_1_9' title="bbox 107 1104 1663 1173">
    <p class='ocr_par' dir='ltr' id='par_1_9' title="bbox 107 1104 1663 1173">
     <span class='ocr_line' id='line_1_18' title="bbox 107 1104 1663 1173; baseline -0.003 -23"><span class='ocrx_word' id='word_1_163' title='bbox 107 1107 187 1152; x_wconf 89' lang='lat' dir='ltr'>ista</span> <span class='ocrx_word' id='word_1_164' title='bbox 203 1107 312 1152; x_wconf 90' lang='lat' dir='ltr'>mihi</span> <span class='ocrx_word' id='word_1_165' title='bbox 333 1108 440 1151; x_wconf 69' lang='lat' dir='ltr'>forte</span> <span class='ocrx_word' id='word_1_166' title='bbox 463 1117 730 1152; x_wconf 80' lang='lat' dir='ltr'>succenseat:</span> <span class='ocrx_word' id='word_1_167' title='bbox 765 1106 927 1150; x_wconf 79' lang='lat' dir='ltr'>Existat</span> <span class='ocrx_word' id='word_1_168' title='bbox 946 1107 1072 1173; x_wconf 75' lang='lat' dir='ltr'>igitur</span> <span class='ocrx_word' id='word_1_169' title='bbox 1092 1121 1141 1149; x_wconf 86' lang='lat' dir='ltr'>ex</span> <span class='ocrx_word' id='word_1_170' title='bbox 1163 1108 1242 1149; x_wconf 69' lang='lat' dir='ltr'>hac</span> <span class='ocrx_word' id='word_1_171' title='bbox 1279 1106 1369 1163; x_wconf 65' lang='lat' dir='ltr'>ipsa</span> <span class='ocrx_word' id='word_1_172' title='bbox 1403 1104 1563 1147; x_wconf 66' lang='lat' dir='ltr'>familia</span> <span class='ocrx_word' id='word_1_173' title='bbox 1582 1104 1663 1146; x_wconf 89' lang='lat' dir='ltr'>ali-</span> 
     </span>
    </p>
   </div>
   <div class='ocr_carea' id='block_1_10' title="bbox 109 1165 1662 1282">
    <p class='ocr_par' dir='ltr' id='par_1_10' title="bbox 109 1165 1662 1282">
     <span class='ocr_line' id='line_1_19' title="bbox 109 1165 870 1225; baseline -0.004 -15"><span class='ocrx_word' id='word_1_174' title='bbox 109 1167 220 1225; x_wconf 88' lang='lat' dir='ltr'>quis,</span> <span class='ocrx_word' id='word_1_175' title='bbox 243 1182 291 1209; x_wconf 87' lang='lat' dir='ltr'>ac</span> <span class='ocrx_word' id='word_1_176' title='bbox 309 1166 578 1224; x_wconf 79' lang='lat' dir='ltr'>potissimum</span> <span class='ocrx_word' id='word_1_177' title='bbox 601 1167 754 1209; x_wconf 83' lang='lat' dir='ltr'>Caecus</span> <span class='ocrx_word' id='word_1_178' title='bbox 773 1165 870 1217; x_wconf 84' lang='lat' dir='ltr'>ille3</span> 
     </span>
     <span class='ocr_line' id='line_1_20' title="bbox 666 1220 1662 1282; baseline -0.002 -17"><span class='ocrx_word' id='word_1_179' title='bbox 666 1223 737 1282; x_wconf 92' lang='lat' dir='ltr'>qui</span> <span class='ocrx_word' id='word_1_180' title='bbox 759 1224 946 1281; x_wconf 77' lang='lat' dir='ltr'>profecto</span> <span class='ocrx_word' id='word_1_181' title='bbox 967 1224 1000 1266; x_wconf 87' lang='lat' dir='ltr'>si</span> <span class='ocrx_word' id='word_1_182' title='bbox 1022 1223 1219 1276; x_wconf 81' lang='lat' dir='ltr'>extiterit,</span> <span class='ocrx_word' id='word_1_183' title='bbox 1243 1222 1301 1264; x_wconf 89' lang='lat' dir='ltr'>sic</span> <span class='ocrx_word' id='word_1_184' title='bbox 1323 1235 1430 1281; x_wconf 82' lang='lat' dir='ltr'>aget,</span> <span class='ocrx_word' id='word_1_185' title='bbox 1449 1230 1490 1264; x_wconf 84' lang='lat' dir='ltr'>et</span> <span class='ocrx_word' id='word_1_186' title='bbox 1511 1236 1571 1264; x_wconf 91' lang='lat' dir='ltr'>s1c</span> <span class='ocrx_word' id='word_1_187' title='bbox 1596 1220 1662 1263; x_wconf 89' lang='lat' dir='ltr'>lo·</span> 
     </span>
    </p>
   </div>
   <div class='ocr_carea' id='block_1_11' title="bbox 107 1225 630 1283">
    <p class='ocr_par' dir='ltr' id='par_1_11' title="bbox 107 1225 630 1283">
     <span class='ocr_line' id='line_1_21' title="bbox 107 1225 630 1283; baseline 0 -16"><span class='ocrx_word' id='word_1_188' title='bbox 107 1226 182 1283; x_wconf 90' lang='lat' dir='ltr'>qui</span> <span class='ocrx_word' id='word_1_189' title='bbox 201 1225 323 1268; x_wconf 86' lang='lat' dir='ltr'>istam</span> <span class='ocrx_word' id='word_1_190' title='bbox 341 1241 427 1268; x_wconf 90' lang='lat' dir='ltr'>non</span> <span class='ocrx_word' id='word_1_191' title='bbox 448 1225 630 1277; x_wconf 84' lang='lat' dir='ltr'>videbit3</span> 
     </span>
    </p>
   </div>
   <div class='ocr_carea' id='block_1_12' title="bbox 901 1162 1660 1228">
    <p class='ocr_par' dir='ltr' id='par_1_12' title="bbox 901 1162 1660 1228">
     <span class='ocr_line' id='line_1_22' title="bbox 901 1162 1660 1228; baseline -0.005 -20"><span class='ocrx_word' id='word_1_192' title='bbox 901 1180 1132 1208; x_wconf 80' lang='lat' dir='ltr'>mlmmum</span> <span class='ocrx_word' id='word_1_193' title='bbox 1166 1164 1280 1207; x_wconf 86' lang='lat' dir='ltr'>enim</span> <span class='ocrx_word' id='word_1_194' title='bbox 1301 1163 1487 1207; x_wconf 87' lang='lat' dir='ltr'>dolorem</span> <span class='ocrx_word' id='word_1_195' title='bbox 1510 1162 1660 1228; x_wconf 80' lang='lat' dir='ltr'>capiet,</span> 
     </span>
    </p>
   </div>
   <div class='ocr_carea' id='block_1_13' title="bbox 108 1279 1663 1342">
    <p class='ocr_par' dir='ltr' id='par_1_13' title="bbox 108 1279 1663 1342">
     <span class='ocr_line' id='line_1_23' title="bbox 108 1279 1663 1342; baseline -0.003 -16"><span class='ocrx_word' id='word_1_196' title='bbox 108 1292 281 1342; x_wconf 87' lang='lat' dir='ltr'>quetur:</span> <span class='ocrx_word' id='word_1_197' title='bbox 314 1283 489 1337; x_wconf 83' lang='lat' dir='ltr'>Mulier,</span> <span class='ocrx_word' id='word_1_198' title='bbox 512 1284 611 1340; x_wconf 87' lang='lat' dir='ltr'>quid</span> <span class='ocrx_word' id='word_1_199' title='bbox 632 1282 708 1326; x_wconf 87' lang='lat' dir='ltr'>tibi</span> <span class='ocrx_word' id='word_1_200' title='bbox 732 1298 831 1324; x_wconf 88' lang='lat' dir='ltr'>cum</span> <span class='ocrx_word' id='word_1_201' title='bbox 851 1283 1023 1326; x_wconf 82' lang='lat' dir='ltr'>Coelio?</span> <span class='ocrx_word' id='word_1_202' title='bbox 1059 1282 1158 1339; x_wconf 89' lang='lat' dir='ltr'>quid</span> <span class='ocrx_word' id='word_1_203' title='bbox 1187 1297 1287 1323; x_wconf 91' lang='lat' dir='ltr'>cum</span> <span class='ocrx_word' id='word_1_204' title='bbox 1307 1279 1481 1323; x_wconf 87' lang='lat' dir='ltr'>homine</span> <span class='ocrx_word' id='word_1_205' title='bbox 1501 1279 1663 1322; x_wconf 88' lang='lat' dir='ltr'>adoles-</span> 
     </span>
    </p>
   </div>
   <div class='ocr_carea' id='block_1_14' title="bbox 110 1336 1738 1400">
    <p class='ocr_par' dir='ltr' id='par_1_14' title="bbox 110 1336 1738 1400">
     <span class='ocr_line' id='line_1_24' title="bbox 110 1336 1738 1400; baseline -0.002 -16"><span class='ocrx_word' id='word_1_206' title='bbox 110 1342 277 1385; x_wconf 89' lang='lat' dir='ltr'>centulo</span> <span class='ocrx_word' id='word_1_207' title='bbox 295 1343 312 1385; x_wconf 87' lang='lat'>?</span> <span class='ocrx_word' id='word_1_208' title='bbox 345 1342 445 1400; x_wconf 88' lang='lat' dir='ltr'>quid</span> <span class='ocrx_word' id='word_1_209' title='bbox 466 1357 563 1384; x_wconf 88' lang='lat' dir='ltr'>cum</span> <span class='ocrx_word' id='word_1_210' title='bbox 596 1341 761 1384; x_wconf 84' lang='lat' dir='ltr'>alieno?</span> <span class='ocrx_word' id='word_1_211' title='bbox 799 1357 873 1383; x_wconf 89' lang='lat' dir='ltr'>cur</span> <span class='ocrx_word' id='word_1_212' title='bbox 894 1351 964 1384; x_wconf 87' lang='lat' dir='ltr'>aut</span> <span class='ocrx_word' id='word_1_213' title='bbox 983 1351 1071 1383; x_wconf 85' lang='lat' dir='ltr'>tam</span> <span class='ocrx_word' id='word_1_214' title='bbox 1094 1339 1308 1382; x_wconf 87' lang='lat' dir='ltr'>familiaris</span> <span class='ocrx_word' id='word_1_215' title='bbox 1330 1336 1430 1381; x_wconf 88' lang='lat' dir='ltr'>huic</span> <span class='ocrx_word' id='word_1_216' title='bbox 1450 1337 1581 1391; x_wconf 85' lang='lat' dir='ltr'>fuisti,</span> <span class='ocrx_word' id='word_1_217' title='bbox 1618 1346 1665 1380; x_wconf 87' lang='lat' dir='ltr'>ut</span> <span class='ocrx_word' id='word_1_218' title='bbox 1679 1343 1738 1380; x_wconf 89' lang='lat'>40</span> 
     </span>
    </p>
   </div>
   <div class='ocr_carea' id='block_1_15' title="bbox 109 1397 1664 1628">
    <p class='ocr_par' dir='ltr' id='par_1_15' title="bbox 109 1397 1664 1628">
     <span class='ocr_line' id='line_1_25' title="bbox 109 1397 1664 1453; baseline -0.003 -11"><span class='ocrx_word' id='word_1_219' title='bbox 109 1414 259 1444; x_wconf 84' lang='lat' dir='ltr'>aurum</span> <span class='ocrx_word' id='word_1_220' title='bbox 280 1401 569 1444; x_wconf 80' lang='lat' dir='ltr'>commodares</span> <span class='ocrx_word' id='word_1_221' title='bbox 586 1417 599 1453; x_wconf 88' lang='lat'>3</span> <span class='ocrx_word' id='word_1_222' title='bbox 634 1409 705 1442; x_wconf 88' lang='lat' dir='ltr'>aut</span> <span class='ocrx_word' id='word_1_223' title='bbox 726 1410 811 1442; x_wconf 88' lang='lat' dir='ltr'>tam</span> <span class='ocrx_word' id='word_1_224' title='bbox 830 1399 1020 1451; x_wconf 87' lang='lat' dir='ltr'>inimica,</span> <span class='ocrx_word' id='word_1_225' title='bbox 1043 1408 1090 1441; x_wconf 91' lang='lat' dir='ltr'>ut</span> <span class='ocrx_word' id='word_1_226' title='bbox 1110 1413 1317 1440; x_wconf 83' lang='lat' dir='ltr'>venenum</span> <span class='ocrx_word' id='word_1_227' title='bbox 1341 1398 1506 1439; x_wconf 86' lang='lat' dir='ltr'>timeres</span> <span class='ocrx_word' id='word_1_228' title='bbox 1524 1397 1539 1438; x_wconf 67' lang='grc' dir='ltr'>ἓ</span> <span class='ocrx_word' id='word_1_229' title='bbox 1573 1411 1664 1438; x_wconf 92' lang='lat' dir='ltr'>non</span> 
     </span>
     <span class='ocr_line' id='line_1_26' title="bbox 112 1457 1663 1515; baseline -0.003 -14"><span class='ocrx_word' id='word_1_230' title='bbox 112 1467 271 1515; x_wconf 84' lang='lat' dir='ltr'>patrem</span> <span class='ocrx_word' id='word_1_231' title='bbox 289 1468 411 1501; x_wconf 89' lang='lat' dir='ltr'>tuum</span> <span class='ocrx_word' id='word_1_232' title='bbox 427 1457 584 1500; x_wconf 87' lang='lat' dir='ltr'>videras</span> <span class='ocrx_word' id='word_1_233' title='bbox 603 1460 616 1500; x_wconf 89' lang='lat'>?</span> <span class='ocrx_word' id='word_1_234' title='bbox 651 1471 738 1500; x_wconf 89' lang='lat' dir='ltr'>non</span> <span class='ocrx_word' id='word_1_235' title='bbox 759 1468 970 1513; x_wconf 88' lang='lat' dir='ltr'>patruum,</span> <span class='ocrx_word' id='word_1_236' title='bbox 988 1472 1076 1499; x_wconf 91' lang='lat' dir='ltr'>non</span> <span class='ocrx_word' id='word_1_237' title='bbox 1096 1472 1236 1507; x_wconf 83' lang='lat' dir='ltr'>avum,</span> <span class='ocrx_word' id='word_1_238' title='bbox 1256 1471 1473 1513; x_wconf 84' lang='lat' dir='ltr'>proavum,</span> <span class='ocrx_word' id='word_1_239' title='bbox 1493 1464 1663 1497; x_wconf 86' lang='lat' dir='ltr'>atavum</span> 
     </span>
     <span class='ocr_line' id='line_1_27' title="bbox 110 1512 1662 1572; baseline -0.002 -14"><span class='ocrx_word' id='word_1_240' title='bbox 110 1515 295 1564; x_wconf 80' lang='lat' dir='ltr'>audieras</span> <span class='ocrx_word' id='word_1_241' title='bbox 315 1517 506 1559; x_wconf 87' lang='lat' dir='ltr'>consules</span> <span class='ocrx_word' id='word_1_242' title='bbox 525 1515 681 1558; x_wconf 80' lang='lat' dir='ltr'>fuisse?</span> <span class='ocrx_word' id='word_1_243' title='bbox 717 1530 804 1557; x_wconf 91' lang='lat' dir='ltr'>non</span> <span class='ocrx_word' id='word_1_244' title='bbox 821 1515 999 1572; x_wconf 89' lang='lat' dir='ltr'>denique</span> <span class='ocrx_word' id='word_1_245' title='bbox 1015 1516 1142 1558; x_wconf 79' lang='lat' dir='ltr'>modo</span> <span class='ocrx_word' id='word_1_246' title='bbox 1159 1526 1197 1557; x_wconf 85' lang='lat' dir='ltr'>te</span> <span class='ocrx_word' id='word_1_247' title='bbox 1214 1513 1368 1558; x_wconf 76' lang='lat' dir='ltr'>Quinti</span> <span class='ocrx_word' id='word_1_248' title='bbox 1386 1512 1550 1556; x_wconf 87' lang='lat' dir='ltr'>Metelli</span> <span class='ocrx_word' id='word_1_249' title='bbox 1568 1528 1662 1555; x_wconf 88' lang='lat' dir='ltr'>ma-</span> 
     </span>
     <span class='ocr_line' id='line_1_28' title="bbox 111 1571 1664 1628; baseline -0.003 -12"><span class='ocrx_word' id='word_1_250' title='bbox 111 1573 361 1618; x_wconf 88' lang='lat' dir='ltr'>trimonium</span> <span class='ocrx_word' id='word_1_251' title='bbox 381 1573 563 1616; x_wconf 87' lang='lat' dir='ltr'>tenuisse</span> <span class='ocrx_word' id='word_1_252' title='bbox 584 1574 759 1625; x_wconf 84' lang='lat' dir='ltr'>sciebas,</span> <span class='ocrx_word' id='word_1_253' title='bbox 782 1572 1000 1616; x_wconf 86' lang='lat' dir='ltr'>clarissimi</span> <span class='ocrx_word' id='word_1_254' title='bbox 1020 1583 1060 1615; x_wconf 86' lang='lat' dir='ltr'>et</span> <span class='ocrx_word' id='word_1_255' title='bbox 1077 1572 1293 1615; x_wconf 87' lang='lat' dir='ltr'>fortissimi</span> <span class='ocrx_word' id='word_1_256' title='bbox 1320 1571 1412 1623; x_wconf 88' lang='lat' dir='ltr'>viri,</span> <span class='ocrx_word' id='word_1_257' title='bbox 1434 1572 1664 1628; x_wconf 86' lang='lat' dir='ltr'>patriaeque</span> 
     </span>
    </p>
   </div>
   <div class='ocr_carea' id='block_1_16' title="bbox 110 1630 1733 1690">
    <p class='ocr_par' dir='ltr' id='par_1_16' title="bbox 110 1630 1733 1690">
     <span class='ocr_line' id='line_1_29' title="bbox 110 1630 1733 1690; baseline -0.002 -16"><span class='ocrx_word' id='word_1_258' title='bbox 110 1632 405 1684; x_wconf 86' lang='lat' dir='ltr'>amantissimi,</span> <span class='ocrx_word' id='word_1_259' title='bbox 429 1633 500 1690; x_wconf 90' lang='lat' dir='ltr'>qui</span> <span class='ocrx_word' id='word_1_260' title='bbox 522 1631 644 1673; x_wconf 87' lang='lat' dir='ltr'>simul</span> <span class='ocrx_word' id='word_1_261' title='bbox 665 1648 713 1674; x_wconf 86' lang='lat' dir='ltr'>ac</span> <span class='ocrx_word' id='word_1_262' title='bbox 734 1639 748 1657; x_wconf 56' lang='grc' dir='ltr'>Ε</span> <span class='ocrx_word' id='word_1_263' title='bbox 769 1632 914 1688; x_wconf 85' lang='lat' dir='ltr'>pedem</span> <span class='ocrx_word' id='word_1_264' title='bbox 949 1631 1095 1673; x_wconf 87' lang='lat' dir='ltr'>limine</span> <span class='ocrx_word' id='word_1_265' title='bbox 1125 1631 1340 1682; x_wconf 77' lang='lat' dir='ltr'>extulerat,</span> <span class='ocrx_word' id='word_1_266' title='bbox 1363 1644 1511 1671; x_wconf 91' lang='lat' dir='ltr'>omnes</span> <span class='ocrx_word' id='word_1_267' title='bbox 1530 1630 1661 1686; x_wconf 69' lang='lat' dir='ltr'>prope</span> <span class='ocrx_word' id='word_1_268' title='bbox 1678 1636 1733 1671; x_wconf 84' lang='lat'>45</span> 
     </span>
    </p>
   </div>
   <div class='ocr_carea' id='block_1_17' title="bbox 108 1688 1657 1748">
    <p class='ocr_par' dir='ltr' id='par_1_17' title="bbox 108 1688 1657 1748">
     <span class='ocr_line' id='line_1_30' title="bbox 108 1688 1657 1748; baseline -0.001 -17"><span class='ocrx_word' id='word_1_269' title='bbox 108 1692 216 1732; x_wconf 90' lang='lat' dir='ltr'>cives</span> <span class='ocrx_word' id='word_1_270' title='bbox 233 1691 396 1743; x_wconf 88' lang='lat' dir='ltr'>virtute,</span> <span class='ocrx_word' id='word_1_271' title='bbox 411 1691 555 1748; x_wconf 67' lang='lat' dir='ltr'>glori-21,</span> <span class='ocrx_word' id='word_1_272' title='bbox 569 1690 767 1747; x_wconf 81' lang='lat' dir='ltr'>dignitate</span> <span class='ocrx_word' id='word_1_273' title='bbox 783 1689 1025 1746; x_wconf 78' lang='lat' dir='ltr'>superabat?</span> <span class='ocrx_word' id='word_1_274' title='bbox 1048 1690 1229 1732; x_wconf 78' lang='lat' dir='ltr'>cuicum</span> <span class='ocrx_word' id='word_1_275' title='bbox 1244 1704 1295 1731; x_wconf 86' lang='lat' dir='ltr'>ex</span> <span class='ocrx_word' id='word_1_276' title='bbox 1309 1688 1569 1744; x_wconf 87' lang='lat' dir='ltr'>amplissimo</span> <span class='ocrx_word' id='word_1_277' title='bbox 1583 1703 1657 1745; x_wconf 79' lang='lat' dir='ltr'>ge-</span> 
     </span>
    </p>
   </div>
   <div class='ocr_carea' id='block_1_18' title="bbox 183 1810 680 1850">
    <p class='ocr_par' dir='ltr' id='par_1_18' title="bbox 183 1810 680 1850">
     <span class='ocr_line' id='line_1_31' title="bbox 183 1810 680 1850; baseline 0 -3"><span class='ocrx_word' id='word_1_278' title='bbox 183 1814 199 1832; x_wconf 51' lang='grc' dir='ltr'><strong>ἶ</strong></span> <span class='ocrx_word' id='word_1_279' title='bbox 209 1810 391 1849; x_wconf 75' lang='lat' dir='ltr'>habendas</span> <span class='ocrx_word' id='word_1_280' title='bbox 410 1811 680 1850; x_wconf 73' lang='lat' dir='ltr'>controversias.</span> 
     </span>
    </p>
   </div>
   <div class='ocr_carea' id='block_1_19' title="bbox 106 1929 862 2422">
    <p class='ocr_par' dir='ltr' id='par_1_19' title="bbox 106 1929 862 2098">
     <span class='ocr_line' id='line_1_32' title="bbox 151 1929 862 1975; baseline 0.001 -14"><span class='ocrx_word' id='word_1_281' title='bbox 151 1932 205 1962; x_wconf 74' lang='lat'>25.</span> <span class='ocrx_word' id='word_1_282' title='bbox 230 1932 326 1963; x_wconf 73' lang='lat' dir='ltr'>Istius</span> <span class='ocrx_word' id='word_1_283' title='bbox 354 1931 491 1963; x_wconf 76' lang='lat' dir='ltr'>mulieris</span> <span class='ocrx_word' id='word_1_284' title='bbox 516 1929 607 1975; x_wconf 64' lang='lat' dir='ltr'>vira]</span> <span class='ocrx_word' id='word_1_285' title='bbox 641 1932 678 1963; x_wconf 88' lang='grc' dir='ltr'>Ρ.</span> <span class='ocrx_word' id='word_1_286' title='bbox 709 1930 862 1964; x_wconf 85' lang='lat' dir='ltr'>Clodium</span> 
     </span>
     <span class='ocr_line' id='line_1_33' title="bbox 106 1974 862 2019; baseline 0.001 -12"><span class='ocrx_word' id='word_1_287' title='bbox 106 1974 221 2007; x_wconf 57' lang='lat' dir='ltr'>festive·</span> <span class='ocrx_word' id='word_1_288' title='bbox 235 1976 394 2019; x_wconf 71' lang='lat' dir='ltr'>designat,</span> <span class='ocrx_word' id='word_1_289' title='bbox 418 1987 514 2018; x_wconf 85' lang='lat' dir='ltr'>quern</span> <span class='ocrx_word' id='word_1_290' title='bbox 543 1976 737 2008; x_wconf 85' lang='lat' dir='ltr'>Plutarchus</span> <span class='ocrx_word' id='word_1_291' title='bbox 759 1977 862 2008; x_wconf 89' lang='lat' dir='ltr'>inces-</span> 
     </span>
     <span class='ocr_line' id='line_1_34' title="bbox 106 2021 861 2054; baseline 0.003 -3"><span class='ocrx_word' id='word_1_292' title='bbox 106 2028 177 2051; x_wconf 88' lang='lat' dir='ltr'>tam</span> <span class='ocrx_word' id='word_1_293' title='bbox 193 2031 267 2052; x_wconf 86' lang='lat' dir='ltr'>cum</span> <span class='ocrx_word' id='word_1_294' title='bbox 281 2021 380 2053; x_wconf 78' lang='lat' dir='ltr'>tribus</span> <span class='ocrx_word' id='word_1_295' title='bbox 397 2021 460 2052; x_wconf 82' lang='lat' dir='ltr'>suis</span> <span class='ocrx_word' id='word_1_296' title='bbox 482 2021 641 2053; x_wconf 85' lang='lat' dir='ltr'>sororibus</span> <span class='ocrx_word' id='word_1_297' title='bbox 653 2021 861 2054; x_wconf 87' lang='lat' dir='ltr'>consuetudi-</span> 
     </span>
     <span class='ocr_line' id='line_1_35' title="bbox 107 2065 483 2098; baseline -0.003 -1"><span class='ocrx_word' id='word_1_298' title='bbox 107 2075 184 2097; x_wconf 86' lang='lat' dir='ltr'>nem</span> <span class='ocrx_word' id='word_1_299' title='bbox 198 2065 346 2098; x_wconf 84' lang='lat' dir='ltr'>habuisse</span> <span class='ocrx_word' id='word_1_300' title='bbox 363 2065 483 2097; x_wconf 82' lang='lat' dir='ltr'>scribit.</span> 
     </span>
    </p>

    <p class='ocr_par' dir='ltr' id='par_1_20' title="bbox 107 2109 860 2196">
     <span class='ocr_line' id='line_1_36' title="bbox 150 2109 859 2153; baseline 0.004 -14"><span class='ocrx_word' id='word_1_301' title='bbox 150 2109 203 2141; x_wconf 80' lang='lat'>30.</span> <span class='ocrx_word' id='word_1_302' title='bbox 228 2110 388 2142; x_wconf 65' lang='lat' dir='ltr'>Inimicum</span> <span class='ocrx_word' id='word_1_303' title='bbox 397 2111 606 2153; x_wconf 67' lang='lat' dir='ltr'>putaverunt]</span> <span class='ocrx_word' id='word_1_304' title='bbox 633 2110 762 2142; x_wconf 77' lang='lat' dir='ltr'>Ironice</span> <span class='ocrx_word' id='word_1_305' title='bbox 776 2109 859 2142; x_wconf 88' lang='lat' dir='ltr'>allu-</span> 
     </span>
     <span class='ocr_line' id='line_1_37' title="bbox 107 2153 860 2196; baseline 0.003 -11"><span class='ocrx_word' id='word_1_306' title='bbox 107 2153 157 2185; x_wconf 87' lang='lat' dir='ltr'>dit</span> <span class='ocrx_word' id='word_1_307' title='bbox 171 2155 210 2184; x_wconf 86' lang='lat' dir='ltr'>ad</span> <span class='ocrx_word' id='word_1_308' title='bbox 224 2155 439 2196; x_wconf 72' lang='lat' dir='ltr'>meretriciam</span> <span class='ocrx_word' id='word_1_309' title='bbox 451 2155 575 2187; x_wconf 82' lang='lat' dir='ltr'>Clodiae</span> <span class='ocrx_word' id='word_1_310' title='bbox 590 2154 860 2187; x_wconf 74' lang='lat' dir='ltr'>familiaritatem.</span> 
     </span>
    </p>

    <p class='ocr_par' dir='ltr' id='par_1_21' title="bbox 106 2198 860 2366">
     <span class='ocr_line' id='line_1_38' title="bbox 149 2198 858 2240; baseline 0.006 -12"><span class='ocrx_word' id='word_1_311' title='bbox 149 2198 203 2230; x_wconf 79' lang='lat'>33.</span> <span class='ocrx_word' id='word_1_312' title='bbox 233 2200 287 2231; x_wconf 65' lang='lat' dir='ltr'>Em</span> <span class='ocrx_word' id='word_1_313' title='bbox 312 2199 446 2232; x_wconf 77' lang='lat' dir='ltr'>barbatis</span> <span class='ocrx_word' id='word_1_314' title='bbox 472 2200 558 2240; x_wconf 57' lang='lat' dir='ltr'>illis]</span> <span class='ocrx_word' id='word_1_315' title='bbox 605 2201 707 2232; x_wconf 84' lang='lat' dir='ltr'>Teste</span> <span class='ocrx_word' id='word_1_316' title='bbox 739 2200 858 2240; x_wconf 83' lang='lat' dir='ltr'>Plinio,</span> 
     </span>
     <span class='ocr_line' id='line_1_39' title="bbox 107 2243 860 2277; baseline 0.004 -4"><span class='ocrx_word' id='word_1_317' title='bbox 107 2243 290 2277; x_wconf 80' lang='lat' dir='ltr'>tonsoribus</span> <span class='ocrx_word' id='word_1_318' title='bbox 305 2245 355 2277; x_wconf 86' lang='lat' dir='ltr'>usi</span> <span class='ocrx_word' id='word_1_319' title='bbox 370 2255 435 2276; x_wconf 87' lang='lat' dir='ltr'>non</span> <span class='ocrx_word' id='word_1_320' title='bbox 451 2252 525 2276; x_wconf 89' lang='lat' dir='ltr'>sunt</span> <span class='ocrx_word' id='word_1_321' title='bbox 550 2245 689 2276; x_wconf 89' lang='lat' dir='ltr'>Romani</span> <span class='ocrx_word' id='word_1_322' title='bbox 710 2253 784 2277; x_wconf 81' lang='lat' dir='ltr'>ante</span> <span class='ocrx_word' id='word_1_323' title='bbox 800 2255 860 2276; x_wconf 86' lang='lat' dir='ltr'>an-</span> 
     </span>
     <span class='ocr_line' id='line_1_40' title="bbox 106 2289 859 2333; baseline 0.004 -15"><span class='ocrx_word' id='word_1_324' title='bbox 106 2296 188 2319; x_wconf 87' lang='lat' dir='ltr'>num</span> <span class='ocrx_word' id='word_1_325' title='bbox 202 2289 277 2321; x_wconf 78' lang='lat'>454.</span> <span class='ocrx_word' id='word_1_326' title='bbox 295 2297 327 2322; x_wconf 87' lang='lat' dir='ltr'>et</span> <span class='ocrx_word' id='word_1_327' title='bbox 347 2290 472 2333; x_wconf 80' lang='lat' dir='ltr'>primus</span> <span class='ocrx_word' id='word_1_328' title='bbox 487 2289 635 2321; x_wconf 85' lang='lat' dir='ltr'>omnium</span> <span class='ocrx_word' id='word_1_329' title='bbox 651 2289 793 2323; x_wconf 78' lang='lat' dir='ltr'>instituit</span> <span class='ocrx_word' id='word_1_330' title='bbox 809 2301 859 2321; x_wconf 85' lang='lat' dir='ltr'>ra·</span> 
     </span>
     <span class='ocr_line' id='line_1_41' title="bbox 107 2332 344 2366; baseline 0.017 -4"><span class='ocrx_word' id='word_1_331' title='bbox 107 2332 141 2363; x_wconf 84' lang='lat' dir='ltr'>di</span> <span class='ocrx_word' id='word_1_332' title='bbox 159 2332 344 2366; x_wconf 74' lang='lat' dir='ltr'>Africanus.</span> 
     </span>
    </p>

    <p class='ocr_par' dir='ltr' id='par_1_22' title="bbox 155 2375 862 2422">
     <span class='ocr_line' id='line_1_42' title="bbox 155 2375 862 2422; baseline 0.006 -14"><span class='ocrx_word' id='word_1_333' title='bbox 155 2375 204 2408; x_wconf 75' lang='grc' dir='ltr'><strong>ΙΙ).</strong></span> <span class='ocrx_word' id='word_1_334' title='bbox 225 2378 293 2410; x_wconf 81' lang='grc' dir='ltr'><em>Ηάι·</em></span> <span class='ocrx_word' id='word_1_335' title='bbox 303 2377 456 2422; x_wconf 76' lang='grc' dir='ltr'>ὸαι·ὀιι1ἆ.]</span> <span class='ocrx_word' id='word_1_336' title='bbox 481 2378 601 2421; x_wconf 87' lang='lat' dir='ltr'>Pungit</span> <span class='ocrx_word' id='word_1_337' title='bbox 616 2379 862 2420; x_wconf 78' lang='lat' dir='ltr'>Clodiam,quae</span> 
     </span>
    </p>
   </div>
   <div class='ocr_carea' id='block_1_20' title="bbox 98 2419 862 2499">
    <p class='ocr_par' dir='ltr' id='par_1_23' title="bbox 98 2419 862 2499">
     <span class='ocr_line' id='line_1_43' title="bbox 98 2419 862 2463; baseline 0.004 -12"><span class='ocrx_word' id='word_1_338' title='bbox 98 2419 278 2453; x_wconf 41' lang='lat' dir='ltr'>*bai-batuto</span> <span class='ocrx_word' id='word_1_339' title='bbox 293 2432 448 2463; x_wconf 83' lang='lat' dir='ltr'>amatore,</span> <span class='ocrx_word' id='word_1_340' title='bbox 465 2433 497 2456; x_wconf 83' lang='lat' dir='ltr'>et</span> <span class='ocrx_word' id='word_1_341' title='bbox 523 2423 622 2457; x_wconf 82' lang='lat' dir='ltr'>fratre</span> <span class='ocrx_word' id='word_1_342' title='bbox 645 2436 702 2457; x_wconf 90' lang='lat' dir='ltr'>suo</span> <span class='ocrx_word' id='word_1_343' title='bbox 724 2425 862 2457; x_wconf 72' lang='lat' dir='ltr'>maxime</span> 
     </span>
     <span class='ocr_line' id='line_1_44' title="bbox 112 2464 296 2499; baseline 0.016 -3"><span class='ocrx_word' id='word_1_344' title='bbox 112 2464 296 2499; x_wconf 82' lang='lat' dir='ltr'>tenebatur.</span> 
     </span>
    </p>
   </div>
   <div class='ocr_carea' id='block_1_21' title="bbox 107 2510 862 2911">
    <p class='ocr_par' dir='ltr' id='par_1_24' title="bbox 154 2510 534 2553">
     <span class='ocr_line' id='line_1_45' title="bbox 154 2510 534 2553; baseline 0.016 -14"><span class='ocrx_word' id='word_1_345' title='bbox 154 2510 209 2540; x_wconf 77' lang='lat'>35.</span> <span class='ocrx_word' id='word_1_346' title='bbox 232 2512 286 2542; x_wconf 89' lang='lat' dir='ltr'>Ne</span> <span class='ocrx_word' id='word_1_347' title='bbox 299 2510 381 2553; x_wconf 56' lang='grc' dir='ltr'>ἐπα]</span> <span class='ocrx_word' id='word_1_348' title='bbox 406 2513 534 2546; x_wconf 85' lang='lat' dir='ltr'>Clodia.</span> 
     </span>
    </p>

    <p class='ocr_par' dir='ltr' id='par_1_25' title="bbox 107 2555 862 2863">
     <span class='ocr_line' id='line_1_46' title="bbox 154 2555 862 2601; baseline 0.008 -17"><span class='ocrx_word' id='word_1_349' title='bbox 154 2555 207 2586; x_wconf 79' lang='lat'>87.</span> <span class='ocrx_word' id='word_1_350' title='bbox 226 2556 330 2587; x_wconf 73' lang='lat' dir='ltr'>Caecm</span> <span class='ocrx_word' id='word_1_351' title='bbox 345 2556 422 2600; x_wconf 57' lang='lat' dir='ltr'>illex]</span> <span class='ocrx_word' id='word_1_352' title='bbox 446 2559 578 2601; x_wconf 81' lang='lat' dir='ltr'>Appius</span> <span class='ocrx_word' id='word_1_353' title='bbox 594 2558 729 2590; x_wconf 86' lang='lat' dir='ltr'>Clodius</span> <span class='ocrx_word' id='word_1_354' title='bbox 742 2558 862 2590; x_wconf 77' lang='lat' dir='ltr'>abavus</span> 
     </span>
     <span class='ocr_line' id='line_1_47' title="bbox 108 2597 860 2644; baseline 0.007 -14"><span class='ocrx_word' id='word_1_355' title='bbox 108 2598 208 2642; x_wconf 88' lang='lat' dir='ltr'>ipsius</span> <span class='ocrx_word' id='word_1_356' title='bbox 222 2597 360 2639; x_wconf 76' lang='lat' dir='ltr'>Clodiae,</span> <span class='ocrx_word' id='word_1_357' title='bbox 377 2602 489 2634; x_wconf 80' lang='lat' dir='ltr'>Caecus</span> <span class='ocrx_word' id='word_1_358' title='bbox 504 2603 607 2634; x_wconf 75' lang='lat' dir='ltr'>dictus</span> <span class='ocrx_word' id='word_1_359' title='bbox 622 2611 682 2641; x_wconf 79' lang='lat' dir='ltr'>est,</span> <span class='ocrx_word' id='word_1_360' title='bbox 696 2604 772 2644; x_wconf 80' lang='lat' dir='ltr'>quia</span> <span class='ocrx_word' id='word_1_361' title='bbox 787 2602 860 2635; x_wconf 87' lang='lat' dir='ltr'>lon-</span> 
     </span>
     <span class='ocr_line' id='line_1_48' title="bbox 107 2646 861 2686; baseline 0.008 -12"><span class='ocrx_word' id='word_1_362' title='bbox 107 2654 184 2686; x_wconf 76' lang='lat' dir='ltr'>gam</span> <span class='ocrx_word' id='word_1_363' title='bbox 207 2654 364 2676; x_wconf 81' lang='lat' dir='ltr'>annorum</span> <span class='ocrx_word' id='word_1_364' title='bbox 383 2646 500 2678; x_wconf 80' lang='lat' dir='ltr'>seriem</span> <span class='ocrx_word' id='word_1_365' title='bbox 526 2647 656 2680; x_wconf 79' lang='lat' dir='ltr'>orbatus</span> <span class='ocrx_word' id='word_1_366' title='bbox 682 2647 861 2680; x_wconf 87' lang='lat' dir='ltr'>luminibus</span> 
     </span>
     <span class='ocr_line' id='line_1_49' title="bbox 107 2688 859 2736; baseline 0.008 -17"><span class='ocrx_word' id='word_1_367' title='bbox 107 2689 189 2731; x_wconf 81' lang='lat' dir='ltr'>egit,</span> <span class='ocrx_word' id='word_1_368' title='bbox 220 2696 257 2721; x_wconf 86' lang='lat' dir='ltr'>ut</span> <span class='ocrx_word' id='word_1_369' title='bbox 282 2689 383 2721; x_wconf 79' lang='lat' dir='ltr'>refert</span> <span class='ocrx_word' id='word_1_370' title='bbox 407 2688 553 2722; x_wconf 85' lang='lat' dir='ltr'>Valerius</span> <span class='ocrx_word' id='word_1_371' title='bbox 579 2691 635 2724; x_wconf 85' lang='lat' dir='ltr'>lib.</span> <span class='ocrx_word' id='word_1_372' title='bbox 659 2694 688 2724; x_wconf 77' lang='grc'>8.</span> <span class='ocrx_word' id='word_1_373' title='bbox 721 2704 789 2736; x_wconf 88' lang='lat' dir='ltr'>cap.</span> <span class='ocrx_word' id='word_1_374' title='bbox 811 2694 859 2723; x_wconf 81' lang='lat'>14.</span> 
     </span>
     <span class='ocr_line' id='line_1_50' title="bbox 109 2733 862 2780; baseline 0.005 -15"><span class='ocrx_word' id='word_1_375' title='bbox 109 2735 254 2765; x_wconf 85' lang='lat' dir='ltr'>Stemma</span> <span class='ocrx_word' id='word_1_376' title='bbox 284 2733 481 2766; x_wconf 87' lang='lat' dir='ltr'>Clodianum</span> <span class='ocrx_word' id='word_1_377' title='bbox 521 2736 717 2780; x_wconf 80' lang='lat' dir='ltr'>descriptum</span> <span class='ocrx_word' id='word_1_378' title='bbox 762 2735 862 2769; x_wconf 89' lang='lat' dir='ltr'>habet</span> 
     </span>
     <span class='ocr_line' id='line_1_51' title="bbox 109 2777 859 2825; baseline 0.007 -16"><span class='ocrx_word' id='word_1_379' title='bbox 109 2778 184 2811; x_wconf 89' lang='lat' dir='ltr'>Nic.</span> <span class='ocrx_word' id='word_1_380' title='bbox 215 2777 422 2811; x_wconf 79' lang='lat' dir='ltr'>Abrahamus</span> <span class='ocrx_word' id='word_1_381' title='bbox 450 2779 484 2811; x_wconf 88' lang='lat' dir='ltr'>in</span> <span class='ocrx_word' id='word_1_382' title='bbox 521 2781 615 2812; x_wconf 89' lang='lat' dir='ltr'>Orat.</span> <span class='ocrx_word' id='word_1_383' title='bbox 638 2792 699 2825; x_wconf 84' lang='lat' dir='ltr'>pro</span> <span class='ocrx_word' id='word_1_384' title='bbox 742 2782 859 2822; x_wconf 80' lang='lat' dir='ltr'>Coelio,</span> 
     </span>
     <span class='ocr_line' id='line_1_52' title="bbox 112 2823 554 2863; baseline 0.002 -9"><span class='ocrx_word' id='word_1_385' title='bbox 112 2823 214 2855; x_wconf 81' lang='lat' dir='ltr'>Num.</span> <span class='ocrx_word' id='word_1_386' title='bbox 231 2824 340 2856; x_wconf 81' lang='lat' dir='ltr'>xxxiii.</span> <span class='ocrx_word' id='word_1_387' title='bbox 358 2824 438 2855; x_wconf 89' lang='lat' dir='ltr'>Not.</span> <span class='ocrx_word' id='word_1_388' title='bbox 450 2833 484 2863; x_wconf 81' lang='lat'>5.</span> <span class='ocrx_word' id='word_1_389' title='bbox 549 2825 554 2828; x_wconf 70' lang='grc'><strong><em>’</em></strong></span> 
     </span>
    </p>

    <p class='ocr_par' dir='ltr' id='par_1_26' title="bbox 152 2867 862 2911">
     <span class='ocr_line' id='line_1_53' title="bbox 152 2867 862 2911; baseline 0.004 -14"><span class='ocrx_word' id='word_1_390' title='bbox 152 2867 205 2910; x_wconf 73' lang='lat'>39:</span> <span class='ocrx_word' id='word_1_391' title='bbox 224 2867 354 2900; x_wconf 80' lang='lat' dir='ltr'>Mulier.</span> <span class='ocrx_word' id='word_1_392' title='bbox 371 2869 445 2910; x_wconf 72' lang='lat' dir='ltr'>quid</span> <span class='ocrx_word' id='word_1_393' title='bbox 455 2868 512 2900; x_wconf 65' lang='lat' dir='ltr'>tibi</span> <span class='ocrx_word' id='word_1_394' title='bbox 526 2879 591 2899; x_wconf 77' lang='lat' dir='ltr'>clem</span> <span class='ocrx_word' id='word_1_395' title='bbox 607 2867 699 2900; x_wconf 81' lang='lat' dir='ltr'>Coelio</span> <span class='ocrx_word' id='word_1_396' title='bbox 711 2869 742 2911; x_wconf 65' lang='grc' dir='ltr'>Ρ]</span> <span class='ocrx_word' id='word_1_397' title='bbox 768 2872 862 2903; x_wconf 77' lang='lat' dir='ltr'>Pros-</span> 
     </span>
    </p>
   </div>
   <div class='ocr_carea' id='block_1_22' title="bbox 794 1808 1046 1848">
    <p class='ocr_par' dir='ltr' id='par_1_27' title="bbox 794 1808 1046 1848">
     <span class='ocr_line' id='line_1_54' title="bbox 794 1808 1046 1848; baseline -0.004 0"><span class='ocrx_word' id='word_1_398' title='bbox 794 1808 1046 1848; x_wconf 47' lang='lat' dir='ltr'>‘revocandum</span> 
     </span>
    </p>
   </div>
   <div class='ocr_carea' id='block_1_23' title="bbox 1156 1808 1583 1846">
    <p class='ocr_par' dir='ltr' id='par_1_28' title="bbox 1156 1808 1583 1846">
     <span class='ocr_line' id='line_1_55' title="bbox 1156 1808 1583 1846; baseline -0.002 0"><span class='ocrx_word' id='word_1_399' title='bbox 1156 1814 1170 1831; x_wconf 70' lang='lat'>‘-</span> <span class='ocrx_word' id='word_1_400' title='bbox 1190 1810 1350 1846; x_wconf 74' lang='lat' dir='ltr'>exiverat</span> <span class='ocrx_word' id='word_1_401' title='bbox 1362 1808 1406 1846; x_wconf 81' lang='lat' dir='ltr'>de</span> <span class='ocrx_word' id='word_1_402' title='bbox 1424 1809 1583 1846; x_wconf 73' lang='lat' dir='ltr'>civitate.</span> 
     </span>
    </p>
   </div>
   <div class='ocr_carea' id='block_1_24' title="bbox 904 1928 1666 2953">
    <p class='ocr_par' dir='ltr' id='par_1_29' title="bbox 906 1928 1663 2019">
     <span class='ocr_line' id='line_1_56' title="bbox 906 1928 1663 1974; baseline -0.004 -11"><span class='ocrx_word' id='word_1_403' title='bbox 906 1930 1054 1974; x_wconf 86' lang='lat' dir='ltr'>opopoeia</span> <span class='ocrx_word' id='word_1_404' title='bbox 1065 1930 1205 1974; x_wconf 81' lang='lat' dir='ltr'>elegans,</span> <span class='ocrx_word' id='word_1_405' title='bbox 1214 1930 1276 1972; x_wconf 59' lang='lat' dir='ltr'>qua</span> <span class='ocrx_word' id='word_1_406' title='bbox 1285 1928 1319 1960; x_wconf 89' lang='lat' dir='ltr'>in</span> <span class='ocrx_word' id='word_1_407' title='bbox 1333 1928 1468 1973; x_wconf 53' lang='lat' dir='ltr'>person-2⁴1</span> <span class='ocrx_word' id='word_1_408' title='bbox 1481 1929 1568 1962; x_wconf 78' lang='lat' dir='ltr'>Caeci</span> <span class='ocrx_word' id='word_1_409' title='bbox 1582 1930 1663 1963; x_wconf 89' lang='lat' dir='ltr'>Clo·</span> 
     </span>
     <span class='ocr_line' id='line_1_57' title="bbox 907 1976 1128 2019; baseline -0.005 -12"><span class='ocrx_word' id='word_1_410' title='bbox 907 1976 996 2008; x_wconf 83' lang='lat' dir='ltr'>diam</span> <span class='ocrx_word' id='word_1_411' title='bbox 1014 1976 1128 2019; x_wconf 85' lang='lat' dir='ltr'>carpit.</span> 
     </span>
    </p>

    <p class='ocr_par' dir='ltr' id='par_1_30' title="bbox 904 2018 1664 2366">
     <span class='ocr_line' id='line_1_58' title="bbox 950 2018 1661 2062; baseline -0.001 -11"><span class='ocrx_word' id='word_1_412' title='bbox 950 2024 1001 2052; x_wconf 80' lang='lat'>41.</span> <span class='ocrx_word' id='word_1_413' title='bbox 1027 2021 1101 2052; x_wconf 84' lang='lat' dir='ltr'>Non</span> <span class='ocrx_word' id='word_1_414' title='bbox 1115 2024 1231 2061; x_wconf 81' lang='lat' dir='ltr'>patrem</span> <span class='ocrx_word' id='word_1_415' title='bbox 1247 2024 1331 2050; x_wconf 83' lang='lat' dir='ltr'>tuum</span> <span class='ocrx_word' id='word_1_416' title='bbox 1353 2018 1493 2061; x_wconf 63' lang='lat' dir='ltr'>viderem]</span> <span class='ocrx_word' id='word_1_417' title='bbox 1529 2019 1661 2062; x_wconf 84' lang='lat' dir='ltr'>Appius</span> 
     </span>
     <span class='ocr_line' id='line_1_59' title="bbox 907 2063 1662 2106; baseline -0.004 -8"><span class='ocrx_word' id='word_1_418' title='bbox 907 2065 1063 2098; x_wconf 86' lang='lat' dir='ltr'>Claudius</span> <span class='ocrx_word' id='word_1_419' title='bbox 1095 2064 1241 2102; x_wconf 83' lang='lat' dir='ltr'>Pulcher,</span> <span class='ocrx_word' id='word_1_420' title='bbox 1263 2063 1389 2096; x_wconf 82' lang='lat' dir='ltr'>Clodiae</span> <span class='ocrx_word' id='word_1_421' title='bbox 1415 2073 1542 2106; x_wconf 83' lang='lat' dir='ltr'>parens,</span> <span class='ocrx_word' id='word_1_422' title='bbox 1572 2065 1662 2095; x_wconf 91' lang='lat' dir='ltr'>Con-</span> 
     </span>
     <span class='ocr_line' id='line_1_60' title="bbox 905 2108 1662 2146; baseline -0.003 -4"><span class='ocrx_word' id='word_1_423' title='bbox 905 2111 954 2142; x_wconf 86' lang='lat' dir='ltr'>sul</span> <span class='ocrx_word' id='word_1_424' title='bbox 970 2110 1032 2142; x_wconf 88' lang='lat' dir='ltr'>fuit</span> <span class='ocrx_word' id='word_1_425' title='bbox 1049 2121 1123 2142; x_wconf 90' lang='lat' dir='ltr'>cum</span> <span class='ocrx_word' id='word_1_426' title='bbox 1140 2109 1221 2142; x_wconf 90' lang='lat' dir='ltr'>Pub.</span> <span class='ocrx_word' id='word_1_427' title='bbox 1247 2108 1385 2140; x_wconf 88' lang='lat' dir='ltr'>Servilio</span> <span class='ocrx_word' id='word_1_428' title='bbox 1407 2108 1559 2146; x_wconf 79' lang='lat' dir='ltr'>Isaurico,</span> <span class='ocrx_word' id='word_1_429' title='bbox 1575 2119 1662 2140; x_wconf 82' lang='lat' dir='ltr'>anno</span> 
     </span>
     <span class='ocr_line' id='line_1_61' title="bbox 905 2153 1662 2188; baseline -0.001 -2"><span class='ocrx_word' id='word_1_430' title='bbox 905 2155 991 2188; x_wconf 87' lang='lat' dir='ltr'>urbis</span> <span class='ocrx_word' id='word_1_431' title='bbox 1015 2155 1152 2187; x_wconf 74' lang='lat' dir='ltr'>conditae</span> <span class='ocrx_word' id='word_1_432' title='bbox 1185 2154 1259 2185; x_wconf 73' lang='lat'>674.</span> <span class='ocrx_word' id='word_1_433' title='bbox 1322 2153 1496 2185; x_wconf 85' lang='lat' dir='ltr'>Suetonius</span> <span class='ocrx_word' id='word_1_434' title='bbox 1525 2153 1559 2184; x_wconf 88' lang='lat' dir='ltr'>in</span> <span class='ocrx_word' id='word_1_435' title='bbox 1587 2153 1662 2185; x_wconf 89' lang='lat' dir='ltr'>Tib.</span> 
     </span>
     <span class='ocr_line' id='line_1_62' title="bbox 905 2197 1664 2243; baseline -0.001 -13"><span class='ocrx_word' id='word_1_436' title='bbox 905 2211 972 2243; x_wconf 83' lang='lat' dir='ltr'>cap.</span> <span class='ocrx_word' id='word_1_437' title='bbox 987 2204 1013 2232; x_wconf 79' lang='lat' dir='ltr'>l.</span> <span class='ocrx_word' id='word_1_438' title='bbox 1026 2199 1138 2238; x_wconf 87' lang='lat' dir='ltr'>refert,</span> <span class='ocrx_word' id='word_1_439' title='bbox 1157 2197 1309 2232; x_wconf 84' lang='lat' dir='ltr'>Claudios</span> <span class='ocrx_word' id='word_1_440' title='bbox 1326 2197 1571 2240; x_wconf 85' lang='lat' dir='ltr'>duodetriginta</span> <span class='ocrx_word' id='word_1_441' title='bbox 1585 2209 1664 2230; x_wconf 89' lang='lat' dir='ltr'>con-</span> 
     </span>
     <span class='ocr_line' id='line_1_63' title="bbox 904 2242 1664 2286; baseline -0.005 -9"><span class='ocrx_word' id='word_1_442' title='bbox 904 2245 1038 2284; x_wconf 78' lang='lat' dir='ltr'>sulatus,</span> <span class='ocrx_word' id='word_1_443' title='bbox 1064 2244 1206 2286; x_wconf 83' lang='lat' dir='ltr'>quinque</span> <span class='ocrx_word' id='word_1_444' title='bbox 1224 2242 1409 2281; x_wconf 82' lang='lat' dir='ltr'>dictaturas,</span> <span class='ocrx_word' id='word_1_445' title='bbox 1427 2253 1575 2274; x_wconf 85' lang='lat' dir='ltr'>censuras</span> <span class='ocrx_word' id='word_1_446' title='bbox 1591 2253 1664 2285; x_wconf 83' lang='lat' dir='ltr'>sep-</span> 
     </span>
     <span class='ocr_line' id='line_1_64' title="bbox 905 2287 1662 2333; baseline -0.004 -11"><span class='ocrx_word' id='word_1_447' title='bbox 905 2299 983 2329; x_wconf 87' lang='lat' dir='ltr'>tem,</span> <span class='ocrx_word' id='word_1_448' title='bbox 1001 2290 1186 2333; x_wconf 85' lang='lat' dir='ltr'>triumphos</span> <span class='ocrx_word' id='word_1_449' title='bbox 1209 2298 1275 2327; x_wconf 81' lang='lat' dir='ltr'>sex,</span> <span class='ocrx_word' id='word_1_450' title='bbox 1293 2287 1370 2319; x_wconf 81' lang='lat' dir='ltr'>duas</span> <span class='ocrx_word' id='word_1_451' title='bbox 1393 2287 1558 2319; x_wconf 75' lang='lat' dir='ltr'>ovationes</span> <span class='ocrx_word' id='word_1_452' title='bbox 1574 2287 1662 2319; x_wconf 90' lang='lat' dir='ltr'>obti-</span> 
     </span>
     <span class='ocr_line' id='line_1_65' title="bbox 906 2345 1024 2366; baseline -0.017 0"><span class='ocrx_word' id='word_1_453' title='bbox 906 2345 1024 2366; x_wconf 80' lang='lat' dir='ltr'>nmsse.</span> 
     </span>
    </p>

    <p class='ocr_par' dir='ltr' id='par_1_31' title="bbox 906 2375 1662 2500">
     <span class='ocr_line' id='line_1_66' title="bbox 949 2375 1659 2421; baseline -0.003 -11"><span class='ocrx_word' id='word_1_454' title='bbox 949 2380 1002 2410; x_wconf 76' lang='lat'>43.</span> <span class='ocrx_word' id='word_1_455' title='bbox 1024 2380 1062 2411; x_wconf 62' lang='lat'>2.</span> <span class='ocrx_word' id='word_1_456' title='bbox 1082 2377 1230 2418; x_wconf 55' lang='lat' dir='ltr'>Metella]</span> <span class='ocrx_word' id='word_1_457' title='bbox 1251 2376 1466 2421; x_wconf 71' lang='lat' dir='ltr'>QMetellur</span> <span class='ocrx_word' id='word_1_458' title='bbox 1484 2377 1590 2413; x_wconf 87' lang='lat' dir='ltr'>Celer,</span> <span class='ocrx_word' id='word_1_459' title='bbox 1603 2375 1659 2418; x_wconf 91' lang='lat' dir='ltr'>qui</span> 
     </span>
     <span class='ocr_line' id='line_1_67' title="bbox 906 2421 1662 2455; baseline -0.004 0"><span class='ocrx_word' id='word_1_460' title='bbox 906 2423 969 2455; x_wconf 84' lang='lat' dir='ltr'>suit</span> <span class='ocrx_word' id='word_1_461' title='bbox 983 2424 1103 2455; x_wconf 84' lang='lat' dir='ltr'>Consul</span> <span class='ocrx_word' id='word_1_462' title='bbox 1121 2433 1205 2454; x_wconf 85' lang='lat' dir='ltr'>anno</span> <span class='ocrx_word' id='word_1_463' title='bbox 1222 2422 1311 2454; x_wconf 84' lang='lat' dir='ltr'>urbis</span> <span class='ocrx_word' id='word_1_464' title='bbox 1327 2423 1401 2453; x_wconf 80' lang='lat'>693.</span> <span class='ocrx_word' id='word_1_465' title='bbox 1415 2421 1563 2454; x_wconf 88' lang='lat' dir='ltr'>Clodiam</span> <span class='ocrx_word' id='word_1_466' title='bbox 1580 2431 1662 2452; x_wconf 83' lang='lat' dir='ltr'>uxo-</span> 
     </span>
     <span class='ocr_line' id='line_1_68' title="bbox 907 2468 1117 2500; baseline -0.01 0"><span class='ocrx_word' id='word_1_467' title='bbox 907 2479 975 2500; x_wconf 89' lang='lat' dir='ltr'>rem</span> <span class='ocrx_word' id='word_1_468' title='bbox 991 2468 1117 2500; x_wconf 85' lang='lat' dir='ltr'>habuit.</span> 
     </span>
    </p>

    <p class='ocr_par' dir='ltr' id='par_1_32' title="bbox 905 2507 1665 2912">
     <span class='ocr_line' id='line_1_69' title="bbox 939 2507 1665 2555; baseline -0.007 -12"><span class='ocrx_word' id='word_1_469' title='bbox 939 2513 1004 2555; x_wconf 70' lang='grc' dir='ltr'>Δ46,</span> <span class='ocrx_word' id='word_1_470' title='bbox 1030 2513 1085 2544; x_wconf 78' lang='lat' dir='ltr'>Ex</span> <span class='ocrx_word' id='word_1_471' title='bbox 1097 2512 1276 2554; x_wconf 77' lang='lat' dir='ltr'>amplissimo</span> <span class='ocrx_word' id='word_1_472' title='bbox 1290 2511 1426 2553; x_wconf 51' lang='lat' dir='ltr'>gwere]</span> <span class='ocrx_word' id='word_1_473' title='bbox 1467 2511 1515 2541; x_wconf 68' lang='lat' dir='ltr'>Ex</span> <span class='ocrx_word' id='word_1_474' title='bbox 1541 2507 1665 2540; x_wconf 64' lang='lat' dir='ltr'>familiai.</span> 
     </span>
     <span class='ocr_line' id='line_1_70' title="bbox 909 2552 1662 2590; baseline -0.009 0"><span class='ocrx_word' id='word_1_475' title='bbox 909 2557 1065 2590; x_wconf 72' lang='lat' dir='ltr'>Clodiana</span> <span class='ocrx_word' id='word_1_476' title='bbox 1079 2557 1219 2588; x_wconf 63' lang='lat' dir='ltr'>Patricia</span> <span class='ocrx_word' id='word_1_477' title='bbox 1235 2557 1425 2588; x_wconf 83' lang='lat' dir='ltr'>transiverat</span> <span class='ocrx_word' id='word_1_478' title='bbox 1443 2554 1475 2585; x_wconf 92' lang='lat' dir='ltr'>in</span> <span class='ocrx_word' id='word_1_479' title='bbox 1503 2552 1662 2584; x_wconf 76' lang='lat' dir='ltr'>familiam</span> 
     </span>
     <span class='ocr_line' id='line_1_71' title="bbox 907 2598 1660 2642; baseline -0.008 -7"><span class='ocrx_word' id='word_1_480' title='bbox 907 2602 1216 2642; x_wconf 84' lang='lat' dir='ltr'>Metellorum‚quia</span> <span class='ocrx_word' id='word_1_481' title='bbox 1226 2601 1367 2632; x_wconf 77' lang='lat' dir='ltr'>Metello</span> <span class='ocrx_word' id='word_1_482' title='bbox 1377 2598 1484 2630; x_wconf 86' lang='lat' dir='ltr'>Celeri</span> <span class='ocrx_word' id='word_1_483' title='bbox 1497 2607 1660 2640; x_wconf 88' lang='lat' dir='ltr'>nupserat.</span> 
     </span>
     <span class='ocr_line' id='line_1_72' title="bbox 906 2643 1662 2690; baseline -0.007 -11"><span class='ocrx_word' id='word_1_484' title='bbox 906 2646 1120 2690; x_wconf 79' lang='lat' dir='ltr'>Amplissima</span> <span class='ocrx_word' id='word_1_485' title='bbox 1136 2655 1205 2678; x_wconf 90' lang='lat' dir='ltr'>tum</span> <span class='ocrx_word' id='word_1_486' title='bbox 1224 2646 1427 2682; x_wconf 85' lang='lat' dir='ltr'>Clodiorum,</span> <span class='ocrx_word' id='word_1_487' title='bbox 1449 2651 1520 2675; x_wconf 91' lang='lat' dir='ltr'>tum</span> <span class='ocrx_word' id='word_1_488' title='bbox 1535 2643 1662 2675; x_wconf 85' lang='lat' dir='ltr'>Metel-</span> 
     </span>
     <span class='ocr_line' id='line_1_73' title="bbox 905 2687 1660 2728; baseline -0.008 -4"><span class='ocrx_word' id='word_1_489' title='bbox 905 2691 1013 2724; x_wconf 86' lang='lat' dir='ltr'>lorum</span> <span class='ocrx_word' id='word_1_490' title='bbox 1037 2691 1162 2724; x_wconf 80' lang='lat' dir='ltr'>familia</span> <span class='ocrx_word' id='word_1_491' title='bbox 1192 2691 1266 2728; x_wconf 83' lang='lat' dir='ltr'>fuit,</span> <span class='ocrx_word' id='word_1_492' title='bbox 1283 2701 1355 2722; x_wconf 84' lang='lat' dir='ltr'>cum</span> <span class='ocrx_word' id='word_1_493' title='bbox 1383 2688 1444 2720; x_wconf 86' lang='lat' dir='ltr'>hoc</span> <span class='ocrx_word' id='word_1_494' title='bbox 1462 2687 1660 2725; x_wconf 80' lang='lat' dir='ltr'>discrimine,</span> 
     </span>
     <span class='ocr_line' id='line_1_74' title="bbox 905 2732 1660 2777; baseline -0.007 -9"><span class='ocrx_word' id='word_1_495' title='bbox 905 2737 991 2776; x_wconf 74' lang='lat' dir='ltr'>quod</span> <span class='ocrx_word' id='word_1_496' title='bbox 1010 2736 1120 2769; x_wconf 87' lang='lat' dir='ltr'>Clodii</span> <span class='ocrx_word' id='word_1_497' title='bbox 1150 2735 1198 2766; x_wconf 89' lang='lat' dir='ltr'>illi</span> <span class='ocrx_word' id='word_1_498' title='bbox 1222 2734 1361 2777; x_wconf 65' lang='lat' dir='ltr'>pauidi,</span> <span class='ocrx_word' id='word_1_499' title='bbox 1381 2732 1514 2765; x_wconf 87' lang='lat' dir='ltr'>Metelli</span> <span class='ocrx_word' id='word_1_500' title='bbox 1542 2732 1660 2776; x_wconf 82' lang='lat' dir='ltr'>plebeii</span> 
     </span>
     <span class='ocr_line' id='line_1_75' title="bbox 906 2777 1663 2823; baseline -0.007 -10"><span class='ocrx_word' id='word_1_501' title='bbox 906 2780 1038 2813; x_wconf 70' lang='lat' dir='ltr'>fuerint.</span> <span class='ocrx_word' id='word_1_502' title='bbox 1089 2783 1115 2812; x_wconf 87' lang='lat' dir='ltr'>E</span> <span class='ocrx_word' id='word_1_503' title='bbox 1133 2787 1230 2823; x_wconf 87' lang='lat' dir='ltr'>gente</span> <span class='ocrx_word' id='word_1_504' title='bbox 1246 2786 1355 2810; x_wconf 76' lang='lat' dir='ltr'>autem</span> <span class='ocrx_word' id='word_1_505' title='bbox 1373 2777 1504 2810; x_wconf 67' lang='lat' dir='ltr'>Caecilia</span> <span class='ocrx_word' id='word_1_506' title='bbox 1529 2778 1663 2810; x_wconf 84' lang='lat' dir='ltr'>fuerunt</span> 
     </span>
     <span class='ocr_line' id='line_1_76' title="bbox 908 2822 1662 2866; baseline -0.007 -7"><span class='ocrx_word' id='word_1_507' title='bbox 908 2825 1054 2863; x_wconf 87' lang='lat' dir='ltr'>Metelli,</span> <span class='ocrx_word' id='word_1_508' title='bbox 1084 2827 1127 2857; x_wconf 83' lang='lat' dir='ltr'>sic</span> <span class='ocrx_word' id='word_1_509' title='bbox 1153 2824 1232 2856; x_wconf 84' lang='lat' dir='ltr'>dicti</span> <span class='ocrx_word' id='word_1_510' title='bbox 1259 2827 1275 2853; x_wconf 74' lang='lat' dir='ltr'>a</span> <span class='ocrx_word' id='word_1_511' title='bbox 1305 2834 1382 2856; x_wconf 71' lang='lat' dir='ltr'>voce</span> <span class='ocrx_word' id='word_1_512' title='bbox 1413 2822 1555 2863; x_wconf 77' lang='lat' dir='ltr'>militari,</span> <span class='ocrx_word' id='word_1_513' title='bbox 1589 2833 1662 2866; x_wconf 84' lang='lat' dir='ltr'>quae</span> 
     </span>
     <span class='ocr_line' id='line_1_77' title="bbox 908 2867 1345 2912; baseline -0.005 -11"><span class='ocrx_word' id='word_1_514' title='bbox 908 2870 1154 2904; x_wconf 78' lang='lat' dir='ltr'>Mercenarium</span> <span class='ocrx_word' id='word_1_515' title='bbox 1173 2867 1345 2912; x_wconf 76' lang='lat' dir='ltr'>significat.</span> 
     </span>
    </p>

    <p class='ocr_par' dir='ltr' id='par_1_33' title="bbox 915 2924 1666 2953">
     <span class='ocr_line' id='line_1_78' title="bbox 915 2924 1666 2953; baseline -0.005 0"><span class='ocrx_word' id='word_1_516' title='bbox 915 2928 933 2953; x_wconf 78' lang='lat' dir='ltr'>S</span> <span class='ocrx_word' id='word_1_517' title='bbox 1569 2924 1666 2952; x_wconf 68' lang='lat' dir='ltr'><strong>HCI‘P.</strong></span> 
     </span>
    </p>
   </div>
   <div class='ocr_carea' id='block_1_25' title="bbox 1646 122 1729 165">
    <p class='ocr_par' dir='ltr' id='par_1_34' title="bbox 1646 122 1729 165">
     <span class='ocr_line' id='line_1_79' title="bbox 1646 122 1729 165; baseline -0.012 -5"><span class='ocrx_word' id='word_1_518' title='bbox 1646 122 1729 165; x_wconf 68' lang='lat'>997</span> 
     </span>
    </p>
   </div>
  </div>
 </body>
</html>
