1887 3083
134 147 162 173 x
599 135 667 177 M.
700 134 910 177 TULLII
944 135 1271 180 CICERONIS

494 243 711 286 ANNUS
744 244 922 286 URBIS
944 246 1251 289 ›CONDITAE
1273 251 1372 294 677.

321 333 416 370 Coss.
438 334 499 372 Cn.
522 335 688 377 Octavio,
720 334 758 370 C.
778 333 969 372 Scribonio
991 335 1157 380 Curione,
1188 345 1270 375 unte
1290 337 1467 374 Christum
1485 341 1548 375 75.

650 387 836 423 Ciceronis
850 388 1056 437 trigesimus
1067 391 1220 438 primus

196 456 399 497 Reversus
419 456 439 496 ἐ
463 455 646 507 Graecia,
681 455 779 496 cum
809 470 967 497 annum
997 454 1042 497 in
1068 456 1200 498 causis
1228 457 1446 513 posuisset,
1481 472 1528 500 ae
1547 455 1731 499 maxime

138 529 211 568 pro
229 513 384 556 Roscio
404 512 612 555 Comoedo
633 511 816 564 dixisset,
847 522 1099 568 quaesturam
1121 513 1239 569 petiit
1273 516 1390 570 (cum
1410 518 1534 557 Cotta
1561 516 1731 557 Consu.

138 572 268 612 latum
291 571 460 625 peteret)
482 584 608 625 quam
629 568 825 612 omnibus
843 570 1045 628 suffragiis
1068 580 1314 613 consecutus
1336 580 1408 613 est.
1458 573 1511 613 In
1523 569 1735 627 Hispania,

138 628 328 669 adversus
350 628 577 668 Sertorium
608 626 808 668 acerrima
839 627 909 669 illa
939 628 1081 685 praelia
1110 636 1149 670 et
1182 628 1368 670 maxima
1401 629 1663 671 Sucronense
1693 638 1734 670 et

138 685 343 727 Duriense
365 683 591 725 commissa
612 693 724 727 sunt.

499 776 717 818 ANNUS
751 777 928 819 URBIS
962 778 1254 822 CONDITAE
1277 783 1376 835 678.

373 851 467 888 Coss,
494 850 537 886 L.
560 852 723 894 Octavio,
753 852 792 888 C.
815 852 967 890 Aurelio
991 853 1111 897 Cottci,
1140 863 1220 890 ante
1243 854 1419 891 Christum
1437 855 1500 890 74.

636 904 820 941 Ciceronis
835 907 1038 954 trigesimus
1057 907 1239 943 secundus.

196 974 398 1015 Quaestor
409 971 557 1014 Cicero
569 970 805 1030 designatus
820 973 1024 1027 Siciliam,
1037 976 1132 1017 Sex.
1148 974 1350 1017 Peducaeo
1361 975 1557 1026 Praetore,
1573 971 1738 1017 sortitus

141 1038 211 1071 est.
232 1030 346 1072 Cum
363 1038 502 1071 autem
516 1030 598 1071 duo
616 1031 858 1074 Quaestores
872 1042 1009 1074 essent
1022 1031 1066 1074 in
1082 1033 1130 1074 ea
1143 1031 1369 1088 provincia,
1384 1030 1673 1086 Lilybaetanus
1683 1030 1740 1072 al-

139 1095 216 1138 ter,
238 1087 336 1128 alter
353 1088 652 1142 Syracusanus,
673 1085 784 1143 prior
800 1087 932 1131 factus
950 1098 1024 1132 est.
1045 1091 1207 1133 Verum
1226 1104 1323 1131 cum
1342 1088 1387 1130 in
1403 1087 1643 1130 difficultate
1662 1103 1740 1129 an-

140 1159 266 1186 nonae
287 1159 465 1201 magnus
497 1143 693 1187 frumenti
723 1161 920 1188 numerus
951 1148 1130 1189 Romam
1163 1146 1392 1189 mittendus
1425 1144 1555 1198 esset,
1579 1144 1742 1188 Siculos

141 1200 262 1249 initio
281 1201 476 1243 offendit:
511 1213 552 1244 at
579 1211 799 1260 postquam
829 1213 1034 1247 noverunt
1067 1205 1197 1261 quam
1231 1202 1559 1261 negotiatoribus
1588 1201 1740 1254 comis,

141 1259 440 1301 mercatoribus
449 1259 602 1316 justus,
625 1259 1115 1317 municipibusliberaliS,
1132 1261 1252 1304 sociis
1272 1261 1501 1313 abstinens,
1516 1259 1612 1302 etin
1625 1258 1743 1302 omni

141 1316 281 1358 officio
312 1315 656 1373 diligentissimus
686 1327 804 1370 esset,
838 1319 1015 1384 majores
1047 1319 1106 1362 illi
1128 1321 1305 1362 honores
1325 1320 1455 1375 quam
1477 1316 1550 1359 ulli
1573 1315 1743 1359 Praetori

142 1374 420 1416 reddiderunt.
481 1376 545 1416 Eo
578 1383 762 1430 tempore
791 1375 915 1417 multi
946 1376 1221 1419 adolescentes
1252 1376 1432 1420 Romani
1454 1375 1615 1417 nobiles
1643 1375 1743 1417 cum

143 1431 251 1487 apud
273 1440 493 1487 praetorem
512 1431 841 1488 intemperantiae
865 1443 905 1475 et
924 1434 1123 1492 neglectae
1146 1433 1378 1490 disciplinae
1401 1431 1591 1475 militaris
1610 1440 1746 1474 essent

143 1488 342 1542 accusati,
373 1489 531 1546 magna
550 1504 619 1531 eos
637 1489 1001 1534 commendatione
1019 1491 1167 1534 Cicero
1187 1490 1384 1542 defendit,
1416 1499 1457 1532 et
1475 1487 1742 1532 conservavit.

505 1595 724 1638 ANNUS
758 1597 934 1639 URBIS
968 1597 1260 1640 CONDITAE
1282 1603 1376 1647 679.

302 1669 396 1707 Coss.
412 1669 456 1705 L.
472 1668 620 1706 Licinio
640 1669 808 1714 Lucullo,
838 1669 900 1706 M
920 1671 1070 1708 Aurelio
1087 1670 1206 1713 Comi,
1235 1679 1318 1708 ante
1333 1670 1511 1707 Christum
1524 1674 1587 1708 73.

670 1722 856 1759 Ciceronis
873 1725 1073 1773 trigesimus
1087 1724 1225 1765 tertius.

204 1790 357 1833 Cicero
373 1788 493 1831 rediit
504 1789 526 1830 e
543 1788 704 1841 Sicilia,
724 1805 772 1831 ac
784 1790 984 1833 decedens
997 1789 1140 1832 habuit
1154 1789 1383 1832 orationem
1399 1788 1595 1847 Lilybaei,
1610 1789 1653 1832 in
1663 1790 1749 1847 qu&

146 1863 273 1890 omne
294 1862 423 1906 genus
443 1846 570 1888 officii
594 1846 746 1889 Siculis
767 1847 958 1904 promisit
977 1863 1018 1889 se
1038 1847 1335 1904 praestiturum.
1394 1849 1507 1890 Tum
1536 1847 1749 1890 videbatur

146 1905 322 1948 facultas
340 1904 410 1947 illa
428 1919 501 1946 sua
521 1904 684 1946 dicendi
706 1919 793 1946 esse
814 1905 1007 1961 perfecta,
1040 1915 1079 1946 et
1100 1904 1380 1947 maturitatem
1402 1904 1612 1961 quandam
1629 1919 1749 1946 suam

146 1964 313 2006 habere.
374 1961 605 2014 Antonius,
637 1961 708 2018 qui
741 1971 853 2017 pater
883 1961 959 2004 fuit
990 1963 1059 2005 M.
1091 1961 1270 2004 Antonii
1301 1960 1544 2015 Triumviri,
1576 1977 1617 2004 re
1637 1962 1749 2004 male
1789 1964 1792 1965 ⁷

147 2022 263 2078 gesta
281 2031 428 2063 contra
446 2020 679 2071 Cretenses,
712 2019 861 2062 morbo
882 2019 1016 2077 periit.

510 2128 730 2173 ANNUS
762 2131 939 2174 URBIS
973 2131 1266 2175 CONDITAE
1287 2135 1386 2175 680.

225 2203 318 2240 Coss.
334 2203 397 2241 M.
422 2204 586 2241 Terentio
609 2204 767 2241 Varrone
781 2205 945 2249 Lucullo,
977 2207 1013 2243 C.
1028 2206 1151 2242 Cassio
1177 2206 1282 2249 Varo,
1312 2213 1395 2242 ante
1410 2205 1593 2242 Christum
1608 2207 1628 2241 7
1635 2208 1670 2241 2.

653 2257 838 2295 Ciceronis
857 2260 1061 2308 trigesimus
1074 2266 1236 2308 quartus.

205 2326 259 2370 L.
283 2325 501 2377 Lucullus,
534 2326 605 2382 qui
628 2341 738 2369 anno
771 2327 969 2382 superiori
991 2326 1152 2370 Consul
1177 2337 1321 2371 contra
1339 2326 1632 2372 Mithridatem
1651 2338 1748 2381 pro-

149 2381 280 2426 sectus
301 2392 400 2435 erat,
434 2385 483 2425 ad
507 2383 716 2441 Cyzicum
740 2384 886 2426 urbem
907 2385 1130 2429 exercitum
1155 2385 1187 2441 ej
1197 2400 1241 2427 us
1261 2385 1367 2429 ferro
1386 2394 1427 2428 et
1446 2384 1556 2427 fame
1574 2380 1747 2425 delevit:

149 2439 306 2503 bellurn
328 2456 492 2505 quoque
513 2442 537 2483 a
558 2440 872 2499 gladiatoribus,
900 2444 1003 2486 duce
1025 2446 1242 2500 Spartaco,
1273 2442 1500 2487 excitatum
1519 2449 1610 2493 est3
1638 2438 1750 2498 quod

108 2558 111 2561 r
155 2497 306 2544 Cicero
329 2498 483 2542 Servlle
503 2507 637 2541 vocat.

512 2605 729 2649 ANNUS
763 2606 940 2647 URBIS
973 2605 1264 2651 CONDITAE
1287 2610 1383 2649 681.

149 2671 248 2720 Coss.
268 2680 314 2720 L.
335 2680 456 2719 Gellio
472 2678 678 2730 Poplicola,
710 2680 772 2716 Cn.
799 2679 970 2717 Cornelio
999 2679 1146 2716 Lentulo
1165 2664 1358 2723 Clodiano,
1387 2687 1468 2717 ante
1487 2679 1672 2719 Christum.
1689 2683 1752 2717 71.

657 2733 849 2771 Ciceronis
866 2733 1072 2781 trigesimus
1092 2733 1245 2782 quintus.

208 2802 308 2845 Hoc
324 2817 436 2847 anno
452 2799 654 2845 LuculIus
670 2799 964 2846 Mithridatem
983 2800 1027 2845 in
1046 2802 1225 2845 Pontum
1249 2809 1483 2858 persecutus
1503 2808 1750 2900 elst,·et·egm

146 2870 149 2871 ⁷
1535 2872 1672 2914 eglom
1705 2872 1753 2900 us
