1918 3088
137 122 139 125 '
180 123 262 165 294
662 109 735 156 M.
765 110 976 155 TULLII
1008 109 1336 156 CICERONIS

258 231 458 274 decedens
490 229 685 272 miseram
719 223 945 281 perdidisti.
1004 225 1234 280 Arsinoen,
1267 227 1468 280 Stratum,
1503 228 1793 284 Naupactum,

189 297 244 332 25
261 298 308 331 ut
345 289 472 331 modo
520 296 605 327 tute
636 283 845 334 indicasti,
877 281 1037 325 nobiles
1073 284 1194 327 urbes
1225 294 1348 342 atque
1377 286 1535 342 plenas,
1574 286 1709 329 fateris
1745 287 1798 328 ab

261 346 453 389 hostibus
475 358 560 385 esse
582 350 718 397 captas
736 357 748 392 3
781 339 932 397 quibus
954 350 1091 383 autem
1108 341 1296 385 hostibus
1315 344 1328 384 ?
1363 358 1513 398 nempe
1532 343 1598 397 iis,
1620 359 1724 401 quos
1754 353 1802 386 tu

263 402 506 447 Ambraciae
527 400 685 449 sedens,
707 398 841 453 primo
862 408 934 440 tuo
963 398 1140 444 adventu
1167 414 1217 441 ex
1250 400 1413 456 oppidis
1443 401 1700 458 Agrinarum
1735 410 1800 443 at-

264 476 346 518 que
390 458 608 513 Dolopum
653 456 897 512 demigrare,
933 465 972 497 et
1006 470 1094 498 aras
1133 464 1174 498 et
1203 455 1318 499 focos
1348 457 1575 515 relinquere
1613 458 1801 516 coegisti.

267 521 365 560 Hoc
387 526 432 557 tu
455 516 496 557 in
517 514 647 566 exitu,
669 513 863 569 praeclare
885 512 1122 568 imperator,
1147 515 1244 557 cum
1268 513 1343 557 tibi
1366 515 1415 556 ad
1447 516 1637 570 pristinas
1667 517 1802 559 clades

195 587 252 620 30
269 575 449 618 accessio
471 572 614 615 fuisset
634 570 806 615 AEtoliae
839 570 1077 628 repentinus
1108 571 1311 624 interitus,
1333 572 1561 616 exercitum
1580 573 1774 618 dimisisti
1793 589 1802 615 :

266 647 403 688 neque
422 630 551 673 ullam
570 644 759 686 poenam,
782 644 876 686 quae
909 637 1023 670 tanto
1045 628 1216 672 facinori
1246 630 1474 681 deberetur,
1506 645 1615 685 non'-
1623 630 1808 674 maluisti

269 690 422 741 subire,
454 690 585 745 quam
624 702 846 729 numerum
879 694 1048 730 tuorum
1087 688 1272 731 militum
1305 687 1581 745 reliquiasque
1628 704 1807 746 cognos-

268 762 372 789 cere.
432 747 574 803 Atque
591 755 638 787 ut
656 745 835 788 duorum
856 745 1158 800 Epicureorum
1175 745 1489 788 similitudinem
1511 748 1553 789 in
1577 761 1617 799 re
1640 746 1809 788 militari

268 805 525 861 imperioque
555 803 747 845 videatis:
798 801 1006 844 Albucius
1040 803 1141 845 cum
1185 803 1227 844 in
1266 803 1458 845 Sardinia
1493 805 1810 860 triumphasset,

198 874 251 908 35
269 865 419 905 Romae
436 863 656 904 damnatus
672 869 733 902 est
751 876 761 910 ;
795 859 865 902 hic
887 861 988 902 cum
1007 858 1188 913 similem
1207 859 1365 903 exitum
1386 871 1577 917 speraret,
1599 861 1641 903 in
1660 861 1810 904 Mace-

268 920 400 963 donia,
432 931 588 976 tropaea
616 918 779 975 posuit:
813 932 957 974 eaque,
980 934 1075 975 quae
1108 919 1266 961 bellicae
1286 918 1417 961 laudis
1437 919 1701 976 victoriaeque
1720 923 1814 961 o'm-

269 994 344 1021 nes
365 988 506 1035 gentes
526 976 706 1034 insignia
731 989 770 1017 et
791 985 1065 1018 monumenta
1090 991 1178 1018 esse
1197 976 1435 1029 voluerunt,
1456 987 1594 1020 noster
1613 976 1683 1018 hic
1705 991 1813 1033 prae-

270 1046 459 1093 posterus
490 1035 727 1091 imperator,
763 1033 1010 1076 amissorum
1052 1034 1316 1090 oppidorum,
1351 1050 1553 1077 caesarum
1581 1035 1812 1092 legionum,

274 1094 501 1152 provinciae
521 1092 711 1148 praesidio
731 1102 771 1133 et
800 1090 965 1147 reliquis
999 1091 1201 1134 militibus
1230 1094 1404 1145 orbatae,
1433 1093 1482 1135 ad
1515 1093 1816 1148 sempiternum

203 1163 260 1199 40
274 1152 452 1194 dedecus
474 1151 537 1193 sui
558 1148 716 1207 generis
730 1159 769 1190 et
785 1148 969 1191 nominis
986 1148 1149 1192 funesta
1167 1150 1321 1192 indicia
1337 1151 1551 1194 constituit
1569 1167 1582 1203 ;
1605 1151 1815 1207 idemque,

273 1219 321 1253 ut
341 1218 462 1261 esset,
485 1208 597 1267 quod
620 1206 663 1249 in
682 1207 769 1249 basi
789 1216 1041 1263 tropaeorum
1074 1207 1199 1250 incidi
1230 1207 1484 1266 inscribique
1512 1217 1666 1265 posset,
1697 1209 1814 1264 Dyr-

273 1267 495 1310 rhachium
528 1275 574 1307 ut
595 1265 721 1316 venit,
751 1264 966 1317 decedens,
985 1264 1174 1307 obsessus
1205 1276 1266 1307 est
1304 1265 1354 1307 ab
1395 1257 1456 1308 iis*
1474 1266 1572 1323 ipsis
1594 1265 1815 1317 militibus,

274 1339 381 1382 quos
402 1324 524 1380 paulo
546 1326 642 1364 ante
677 1323 891 1378 Torquato
923 1322 1134 1379 respondit
1163 1323 1354 1365 beneficii
1391 1326 1517 1366 causa
1547 1324 1620 1366 abs
1654 1338 1696 1365 se
1730 1337 1819 1366 esse

274 1382 498 1434 dimiss053
549 1380 702 1438 quibus
733 1382 832 1422 cum
863 1380 1026 1437 juratus
1056 1381 1314 1433 affirmasset,
1352 1396 1410 1433 se,
1462 1397 1557 1439 quae
1611 1381 1816 1423 deberen-

203 1451 258 1487 45
275 1451 357 1492 tur,
394 1449 555 1496 postero
591 1439 656 1480 die
700 1437 1022 1494 persoluturum,
1054 1438 1230 1480 domum
1269 1454 1311 1480 se
1341 1437 1524 1482 abdidit:
1572 1439 1666 1481 inde
1694 1449 1819 1482 nocte

275 1498 541 1554 intempesta,
563 1495 809 1552 crepidatus,
832 1506 941 1537 veste
971 1495 1120 1548 servili,
1155 1511 1305 1538 navem
1341 1497 1599 1549 conscendit,
1619 1497 1819 1539 Brundu..

276 1556 472 1612 siumque
500 1553 659 1606 vitavit,
697 1562 737 1595 et
766 1553 935 1595 ultimas
973 1552 1178 1596 Hadriani
1209 1553 1334 1596 maris
1373 1569 1464 1597 oras
1495 1555 1666 1612 petivit:
1719 1556 1822 1598 cum

277 1613 445 1656 interim
482 1611 739 1669 Dyrrhachii
769 1610 920 1653 milites
955 1611 1148 1664 domum,
1181 1611 1224 1653 in
1259 1614 1345 1668 qua
1373 1611 1501 1656 istum
1536 1628 1622 1655 esse
1652 1611 1824 1655 arbitra-

276 1672 446 1723 bantur,
483 1669 669 1713 obsidere
704 1678 939 1725 coeperunt,
972 1677 1013 1710 et
1051 1671 1153 1712 cum
1184 1667 1306 1712 latere
1356 1669 1575 1713 hominem
1615 1679 1853 1726 putarent,‘

212 1730 396 1788 50ignes
442 1727 832 1779 circumdederuut3
871 1742 953 1784 quo
1005 1736 1121 1770 metu
1151 1726 1356 1771 commoti
1387 1727 1693 1786 Dyrrhachini,
1723 1742 1821 1785 pro-

303 1997 312 2005 ·
326 1957 381 1987 24.
398 1956 573 1999 Arsinoensl
589 1954 723 1988 AEtoliae
737 1953 891 1998 oppidum
909 1962 955 1988 est
966 1957 1034 1987 Ar·

287 2009 553 2088 5¹nlliizi·Stratum]
579 2043 665 2076 Urbs
677 2043 884 2082 Acarnaniae,
893 2054 991 2085 quam
1004 2052 1036 2077 et

1077 1954 1129 1987 vel
1147 1955 1224 1989 fusis
1239 1955 1292 1989 vel
1307 1954 1428 1999 fugatis
1454 1954 1601 1988 hostibus
1623 1954 1665 1987 ad
1687 1953 1824 1998 gloriam

1079 2001 1242 2033 victorum
1253 2001 1481 2044 erigebantur3
1504 2000 1617 2043 primis
1630 1997 1827 2042 temporibus

1079 2044 1211 2077 fuerunt
1227 2045 1381 2076 arborum
1401 2044 1509 2077 trunci
1530 2043 1701 2076 hostilibus
1727 2042 1825 2074 armis

284 2088 496 2131 Stratopolim
509 2089 672 2122 Diodorus
687 2088 845 2120 nominat.

330 2134 375 2165 1b.
394 2135 606 2174 Naupactum]
633 2135 838 2175 Naupactum
865 2143 920 2164 seu
945 2134 1036 2165 Nau-

285 2186 396 2222 pactus
420 2178 498 2210 ur-bs
523 2176 659 2209 AEtoliae
685 2185 718 2209 et
734 2176 872 2220 regionis
889 2185 986 2221 caput
1003 2178 1036 2209 in

285 2227 342 2254 ora
359 2220 446 2253 sinfis
463 2221 674 2253 Corinthiaci.

331 2268 382 2297 97.
396 2265 591 2308 Ambraciae.]
614 2263 792 2296 Ambracia
808 2265 919 2297 civitas
934 2265 1036 2298 Thes-

285 2311 414 2354 protiae‚
429 2320 527 2352 quam
550 2312 718 2352 Augustus
737 2310 922 2352 Nicopolim
939 2312 958 2340 :i
973 2311 1038 2341 vic·

286 2356 370 2387 toria
384 2354 574 2392 nominavit,
586 2354 712 2396 quando
728 2353 805 2384 vicit
819 2354 1014 2386 Antonium.

334 2399 381 2431 lb.
399 2399 606 2441 Agrinarum.j
662 2397 832 2429 Turnebus
862 2399 1037 2438 Agrianum

288 2443 390 2486 legit3
413 2442 537 2486 populi,
552 2441 607 2485 qui
634 2450 667 2474 et
693 2442 809 2484 Agraei
829 2441 989 2480 dicuntur,
1003 2442 1037 2474 in

290 2488 430 2520 Paeonia.

332 2533 384 2562 28.
404 2530 578 2572 Dolopum]
619 2529 760 2572 Dolopes
776 2529 954 2562 Thessaliae
977 2541 1036 2572 po·

287 2575 368 2619 puli,
385 2584 421 2607 ut
437 2576 504 2607 vult
523 2575 722 2618 Stephanus:
749 2574 873 2606 Plinius
898 2585 951 2605 eos
975 2576 1036 2605 AE-

289 2621 375 2652 eoliae
388 2628 593 2657 annumerat,
606 2627 639 2650 et
656 2619 756 2661 Epiro
772 2618 978 2650 Ptolomaeus.

334 2665 384 2695 33.
399 2664 537 2695 Duorum
551 2663 792 2704 Epicureorum]
810 2662 970 2705 Intelligit
979 2662 1039 2694 Al·
1057 2679 1067 2688 -

288 2707 421 2739 bucium
455 2716 487 2739 et
517 2709 690 2745 Pisonem3
722 2707 762 2738 de
792 2706 936 2738 Albucio
964 2707 1036 2739 vide

289 2754 383 2783 Orat.
398 2753 437 2782 de
451 2752 621 2794 provinciis
639 2751 772 2783 Consul.
966 2767 970 2772 ·

332 2797 384 2826 36.
411 2796 535 2835 Tropoea
549 2796 672 2836 posuit]
718 2796 858 2838 Tropaea
889 2796 1034 2838 quaedam

283 2847 376 2872 erant
403 2839 528 2871 virtutis
558 2840 681 2872 bellicae
714 2848 936 2878 monumenta,
962 2851 1034 2883 quae

1079 2089 1201 2127 vestiti,
1215 2090 1331 2121 deinde
1346 2091 1363 2120 ἐ
1380 2088 1539 2132 lapidibus
1565 2088 1700 2120 excitata
1729 2095 1803 2118 sunt
1818 2098 1829 2125 ;

1081 2133 1205 2165 ultimis
1234 2136 1306 2164 vero
1346 2135 1572 2166 Romanorum
1613 2131 1829 2174 temporibus,

1082 2178 1199 2220 quibus
1224 2177 1336 2209 floruit
1371 2177 1602 2220 imperatorum
1638 2186 1758 2208 nomen
1795 2183 1829 2206 et

1079 2222 1195 2265 gloria,
1218 2233 1278 2264 pro
1304 2221 1433 2264 tropaeis
1463 2231 1554 2252 arcus
1583 2219 1749 2262 magnifici
1777 2218 1826 2250 in·

1081 2267 1211 2309 sculptis
1228 2265 1442 2309 undequaque
1453 2275 1567 2296 eorum
1582 2264 1727 2297 victoriis
1743 2274 1829 2295 erec·

1081 2319 1106 2343 ti
1121 2318 1203 2342 sunt.

1125 2356 1177 2387 43.
1195 2353 1339 2394 Beneficii
1362 2350 1450 2384 causa
1471 2353 1526 2384 abs
1549 2363 1581 2383 se
1595 2362 1654 2384 esse
1667 2351 1829 2396 dimissos]

1084 2398 1294 2442 Qadmplex
1326 2397 1389 2429 fuit
1419 2396 1541 2435 missio,
1569 2396 1716 2435 honesta,
1734 2396 1830 2440 igno·

1082 2444 1230 2481 miniosa,
1249 2442 1402 2485 gratiosa,
1414 2441 1576 2475 camaria:
1601 2441 1747 2478 honesta,
1757 2450 1830 2482 quae

1081 2488 1222 2519 emeritis
1257 2486 1423 2529 stipendiis
1450 2487 1565 2523 damu
1597 2484 1825 2528 ignominiosa,

1081 2542 1152 2574 quae
1169 2532 1263 2562 datur
1280 2532 1311 2562 in
1335 2540 1480 2573 poenam;
1504 2529 1657 2572 gratiosa,
1678 2540 1751 2571 quae
1774 2528 1829 2560 be-

1079 2574 1188 2607 neficii
1205 2576 1293 2613 10c0;
1317 2574 1468 2611 causaria,
1482 2585 1552 2616 quae
1569 2574 1612 2605 ob
1624 2573 1787 2609 moi-burn.

1130 2620 1181 2651 46.
1199 2618 1399 2662 Crepiclatum]
1424 2619 1532 2653 Graeci
1545 2617 1681 2661 crepidis
1695 2615 1830 2649 uteban-

1085 2671 1147 2695 tur.

1124 2709 1179 2738 47.
1208 2708 1364 2739 Hadriani
1389 2705 1506 2749 maris.]
1543 2705 1727 2738 Adrianum
1765 2703 1831 2736 sive

1078 2752 1286 2784 Adriaticum
1305 2761 1394 2783 mare
1406 2752 1446 2782 ad
1461 2749 1714 2793 septentrionem
1741 2747 1831 2779 Itali·

1080 2806 1133 2829 am
1143 2796 1250 2838 alluit,
1261 2796 1402 2838 Inferum
1412 2795 1479 2830 sive
1488 2793 1697 2839 Tyrrhenum
1710 2792 1752 2824 ad
1764 2802 1832 2823 me-

1081 2841 1209 2876 ridiem·
1743 2839 1758 2886 ⁴·

1675 2878 1829 2939 fugisse
