1872 3135
56 117 145 163 190
565 111 630 157 M.
661 108 868 155 TULLII
900 109 1226 156 CICERONIS

129 225 238 270 ciet?
264 225 334 284 qui
347 226 470 284 hujus
483 226 625 268 dolor?
651 223 721 283 qui
738 223 846 268 illius
859 241 1016 268 moeror
1030 227 1126 270 erit.
1116 229 1131 260 ³
1166 242 1261 284 quae
1275 225 1484 292 utriusque
1498 226 1655 269 lamen-

130 284 264 328 tatio?
297 294 451 349 quanta
470 292 606 325 autem
636 290 650 306 ⁸
680 283 927 338 perturbatio
947 284 1124 327 fortunae
1145 294 1267 341 atque
1285 284 1501 336 sermonis,
1524 284 1652 342 quod,

131 340 311 406 quibus
303 357 347 383 m
362 339 462 382 locis
479 340 619 396 paucis
633 340 731 381 ante
748 339 891 382 diebus
907 339 1063 382 factum
1080 356 1168 383 esse
1181 341 1397 384 consulem
1412 343 1654 384 Muraenam

131 399 275 440 nuncii
297 399 503 454 literaeque
525 396 810 446 celebrassent,
829 406 870 439 et
888 398 996 438 unde
1017 398 1197 454 hospites
1217 408 1339 454 atque
1359 399 1483 441 amici
1510 408 1654 456 gratu-.

59 459 114 494 ,50
132 455 262 497 latum
282 457 459 497 Romam
493 454 791 506 concurrerint,
813 457 979 510 repente
999 455 1048 496 eo
1070 455 1273 496 accedat
1265 470 1351 511 1pse
1370 456 1548 498 nuncius
1568 471 1654 496 suae

132 512 373 554 calamitatis
393 513 406 552 ?
442 512 553 553 Quae
570 511 603 553 si
623 511 783 563 acerba,
807 527 839 553 Sl
860 511 1024 563 misera,
1045 511 1080 553 si
1099 511 1285 553 luctuosa
1306 521 1416 564 sunt,
1435 513 1469 554 si
1488 512 1653 555 alienis-

132 570 236 611 sima
265 571 291 610 ὲ
310 568 624 612 mansuetudine
655 578 694 610 et
714 568 995 612 misericordia
1022 571 1171 621 vestra,
1191 569 1387 611 Judices·
1376 600 1388 620 ,
1421 579 1656 612 conservate

131 625 270 691 populi
294 624 472 669 Romani
506 625 782 670 beneficium:
813 626 967 669 reddite
987 624 1143 682 reipub
1179 625 1418 668 consulem:
1450 627 1541 668 date
1574 628 1656 668 hoc

130 684 191 738 ips
196 697 258 724 ius
275 683 437 746 pudori,
454 682 546 725 date
560 684 671 748 patri
691 694 872 748 mortuo,
894 683 988 732 date
1006 683 1142 740 generi
1162 693 1202 724 et
1216 682 1401 733 familiae‚
1423 683 1515 724 date
1533 683 1655 726 etiam

60 744 111 778 55
132 740 336 793 Lmuvio,
366 741 619 796 municipio
636 742 818 787 honestis
803 741 944 794 simo,
963 741 1087 805 quod
1118 756 1161 782 m
1191 742 1271 782 hac
1311 755 1436 782 causa
1467 740 1656 807 frequens

129 807 415 854 moestumque
443 797 630 840 vidistis·
617 800 635 850 3⁴
662 798 790 840 nolite
819 815 844 840 a
872 797 996 840 sacris
1017 797 1157 854 patriis
1174 797 1355 841 Junonis
1376 799 1565 862 Sospitae,
1588 796 1659 839 cui

129 870 275 898 omnes
295 855 484 897 consules
501 855 648 898 facere·
647 864 768 897 neces
773 871 812 897 se
831 864 907 908 est,
937 855 1212 898 domesticum
1235 864 1274 896 et
1296 870 1415 896 suum
1439 853 1655 897 corisulem

129 913 392 971 potissimum
415 912 596 954 avellere.
636 915 801 956 ¹Quem
817 929 893 970 ego
909 929 934 954 v
936 913 1042 964 obis,
1059 912 1091 954 si
1106 912 1204 969 quid
1220 912 1344 954 habet
1361 922 1431 954 aut
1450 913 1655 955 momenti

131 970 454 1034 commendatiO,
477 982 546 1012 aut
567 971 840 1015 auctoritatis
862 971 1122 1012 confirmatio
1135 985 1244 1035 mea,
1263 969 1406 1011 consul
1422 985 1497 1010 cor
1490 970 1653 1022 sulem,

58 1030 114 1069 60
128 1028 312 1080 judices,
336 1028 392 1070 ita
412 1029 678 1079 commende,
700 1038 747 1070 ut
766 1027 1083 1084 cupidissimum
1103 1027 1192 1079 otii,
1216 1025 1563 1069 studiosissimum
1572 1027 1664 1091 boa(

128 1097 297 1150 norum,
319 1085 566 1127 acerrimum
600 1094 743 1127 contra
776 1086 1034 1137 seditionem,
1072 1084 1370 1127 fortissimum
1362 1099 1405 1126 m
1424 1082 1547 1135 bello,
1570 1099 1654 1126 ιιιι-

127 1141 405 1186 micissimum
432 1144 528 1184 huic
549 1143 842 1199 conjurationi,
865 1159 959 1200 quae
975 1158 1088 1190 nunc
1102 1141 1403 1209 rempublicam
1422 1140 1654 1200 labefactat,

129 1199 315 1242 futurum
335 1214 420 1241 esse
439 1200 679 1257 promittam
701 1215 748 1242 ac
769 1201 1004 1257 spondeam.

530 1330 545 1348 e
564 1327 801 1362 commutatio.
1014 1322 1029 1348 5
1039 1327 1237 1373 affirmatio⁴

173 1435 223 1465 55.
242 1432 408 1475 Lanuuio]
427 1434 461 1463 In
489 1432 589 1464 causis
612 1443 741 1464 reorum
757 1432 866 1464 venie·
912 1433 1007 1465 ceolis
1032 1433 1188 1475 repandis.
1236 1433 1332 1464 Hane
1361 1434 1535 1476 Junonem,
1562 1433 1653 1475 cujus

127 1476 206 1508 bant
221 1475 239 1508 ἑ
265 1477 448 1519 municipiis
463 1485 495 1508 et
521 1480 537 1506 ὲ
553 1477 725 1520 provinciis
753 1476 864 1519 legati,
910 1477 1049 1509 Lanuvii
1071 1478 1153 1509 aedes
1174 1484 1253 1514 erat,
1283 1477 1423 1508 Romani
1449 1477 1546 1508 etiam
1568 1477 1656 1509 cole

128 1529 165 1552 ut
181 1532 240 1565 pro
255 1532 311 1552 reo
327 1522 584 1562 deprecarentur.
911 1522 1000 1559 bant,
1015 1521 1100 1553 unde
1116 1532 1198 1564 saepe
1216 1523 1380 1553 Romanos
1407 1522 1493 1564 apud
1522 1521 1656 1554 Livium

171 1566 222 1595 56.
249 1565 380 1596 Junonis
403 1565 556 1608 Sospitm]
578 1565 712 1607 Sospita.
725 1566 823 1608 Juno,
848 1575 867 1595 a
911 1565 1032 1608 legitur
1056 1565 1177 1597 misisse
1204 1565 1404 1603 Lanuvium,
1431 1565 1486 1608 qui
1502 1565 1654 1600 sacrificio

126 1609 283 1640 servando
298 1610 382 1640 dicta
395 1616 451 1640 est.
497 1611 573 1641 Haec
587 1609 619 1639 in
633 1609 744 1651 primis
757 1610 864 1640 Lanu·
908 1611 1071 1652 Junonem
1089 1610 1249 1652 Sospitam
1265 1610 1438 1652 placarent.

126 1653 172 1684 vii
202 1653 365 1685 colebatur
393 1656 509 1696 magni
533 1653 702 1696 religione,
718 1660 755 1684 ut
769 1654 865 1685 docet
952 1655 1006 1685 57.
1019 1654 1129 1685 Facere
1140 1665 1251 1685 necesse
1262 1654 1327 1696 est.]
1345 1655 1458 1685 Facere
1473 1661 1520 1686 est
1531 1664 1653 1686 sacrum

126 1696 248 1730 Livius.
295 1697 506 1729 Simulacrum
520 1697 703 1739 fingebatur
713 1707 786 1728 cum
795 1697 865 1740 pel·
908 1697 1028 1729 facem:
1047 1697 1207 1729 faciebant
1217 1705 1337 1735 autem,
1348 1708 1420 1728 cum
1432 1697 1652 1740 magistratum

123 1741 156 1774 le
172 1741 312 1786 captim,
325 1741 426 1780 hasta,
452 1750 485 1775 et
500 1741 635 1781 scutulo,
652 1750 684 1775 et
711 1752 786 1774 cum
803 1741 865 1773 cal·
910 1741 1054 1774 consules
1069 1741 1206 1781 inibant,
1218 1741 1354 1775 Lanuvii
1367 1743 1487 1785 Junoni
1505 1741 1652 1786 Sospitae.

1427 2850 1652 2894 ORATIO
