1872 3135
108 129 165 160 xx
573 118 642 160 M.
675 116 884 159 TULLII
917 116 1243 161 CICERONIS

109 240 152 272 et
189 230 368 273 clamore
404 231 721 293 comprobatum
742 247 782 272 e
771 240 817 272 ·.t
881 231 1106 272 Postridie
1099 248 1139 272 in
1160 231 1275 274 curia
1295 231 1505 274 decretum
1522 232 1601 274 fuit
1623 247 1700 288 po·

112 289 200 346 puli
218 289 450 340 admonitu,
475 305 526 330 ne
546 304 638 346 quis
656 290 704 329 de
722 288 828 329 coelo
849 299 1036 330 servaret.
1066 304 1116 330 ne
1138 290 1229 346 quis
1251 305 1352 331 mor
1345 305 1412 332 un
1432 290 1564 332 ullam·
1582 291 1701 332 affer-
1734 326 1736 328 .

114 358 187 397 ret,
211 348 245 388 si
267 346 358 403 quis
380 347 492 388 aliter
514 346 629 387 lecis-
637 357 690 397 et,
713 344 744 386 is
765 361 922 387 eversor
942 332 1118 401 Reipub.
1143 347 1369 391 haberetur.
1431 349 1590 404 Legem
1609 363 1702 389 ma·-

114 404 307 460 gistratus
330 403 515 467 pinniulgss
525 413 623 445 Ἰ“ι·ιιιι
630 414 660 444 t.
679 402 746 444 cui
779 403 890 444 solus
927 404 1091 458 Appius
1130 405 1297 455 Praetor,
1334 405 1498 461 duoque
1528 404 1709 447 Tribuni

115 461 248 534 plebis
269 463 325 504 Q
318 462 497 502 uinctius
521 475 558 501 ει
579 463 667 502 Sex
691 460 861 502 Attiliu
897 460 1094 501 adversati
1120 471 1232 511 sunt,
1261 462 1327 503 sed
1363 462 1446 503 trus
1431 464 1526 504 tra.
1587 464 1706 504 Nam

115 520 244 574 pridie
264 520 380 560 Nou
403 520 545 560 Sext.
536 520 635 559 vum
657 517 826 559 comitia
845 517 1070 559 centuriata
1096 518 1298 559 Lentulus
1317 519 1506 560 Consul
1498 535 1539 560 m
1557 534 1706 574 campo

115 576 273 639 lVIartio
315 578 496 638 habent,
537 574 796 616 dissuadente
832 575 999 626 Clodio,
1035 575 1171 632 legem
1192 576 1298 616 hanc
1321 576 1447 616 suasit
1469 577 1705 631 Pompeius,

117 632 185 675 cui
203 633 380 688 populus
396 632 492 673 uni
487 648 608 674 ersus
629 633 814 674 assensit
876 633 1027 675 Statim
1042 644 1181 675 autem
1201 643 1322 689 atque
1343 633 1537 689 cognoxit
1559 633 1707 675 Cicero

116 705 166 732 ex
188 691 312 732 literis
334 690 392 733 O..
417 689 548 732 fratris
566 690 741 732 mirifico
762 690 955 732 omnium
973 690 1107 733 studio
1128 691 1178 732 de
1199 691 1328 732 reditu
1348 690 1481 754 legem
1511 690 1709 745 perlatam

116 761 219 799 esse,
237 748 387 804 Dyrrh·
383 749 503 789 {chio
525 748 808 789 Brundusium
831 748 955 799 venit,
978 747 1050 789 ubi
1071 748 1121 790 ab
1144 747 1423 789 honestissimi
1429 763 1445 789 5
1462 747 1620 789 civibus
1640 763 1708 788 or-

117 815 240 846 natus
271 799 342 846 est.
408 806 489 846 Iter
523 805 663 861 Appia
682 805 748 847 via
779 779 959 848 Romani
996 820 1134 847 versus
1160 804 1269 847 fecit.
1329 806 1438 846 Toto
1469 816 1606 846 autem
1641 804 1711 846 illo

119 861 264 904 itinere
286 861 538 904 incredibilis
569 863 616 904 ad
647 878 744 905 eum
772 878 821 904 ex
841 862 1037 904 omnibus
1058 862 1219 919 oppidis
1236 873 1287 904 et
1296 862 1468 905 coloniis
1485 877 1711 904 concursus

119 919 252 962 factus
280 930 356 971 est,
380 931 424 962 ut
456 920 513 961 illi
547 920 724 962 reditum
744 921 1056 978 gratularentur.
1117 920 1353 963 Veniebant
1369 920 1553 984 undique
1571 919 1716 976 legati,

119 986 160 1020 et
182 977 520 1033 patres-familias
538 994 635 1019 cum
652 971 932 1035 con1ugibus
917 994 941 1020 e
963 977 1184 1020 domibus.
1217 981 1305 1019 tota
1316 993 1478 1033 passtm
1487 977 1605 1019 Italia
1610 957 1717 1020 festi

120 1034 206 1077 dies
245 1035 569 1078 celebrabantur.
632 1037 758 1078 Porro
790 1036 837 1077 ad
860 1035 1004 1077 urbem
1024 1044 1070 1076 ut
1086 1035 1212 1087 venit,
1235 1036 1282 1077 ad
1303 1050 1400 1076 eum
1421 1037 1595 1077 Senatus
1615 1035 1717 1076 uni-

119 1103 261 1136 versus
277 1108 461 1150 egressus
481 1104 540 1135 est
556 1108 655 1135 cum
672 1093 842 1156 populo,
859 1104 905 1136 ut
919 1103 1246 1135 conservatorem
1263 1108 1387 1135 suum
1399 1093 1565 1135 videret.
1598 1092 1715 1134 Cum

120 1150 171 1192 ad
207 1161 370 1206 portam
399 1151 614 1207 Capenam
634 1151 876 1203 advenisset,
895 1167 979 1207 qua
995 1150 1133 1206 Appia
1153 1151 1216 1192 via
1237 1152 1285 1192 ad
1306 1151 1452 1192 urbem
1470 1149 1600 1200 ducit,
1609 1164 1712 1214 ‘gra-

121 1207 200 1250 dus
218 1208 469 1264 templorum
489 1209 540 1250 ab
563 1208 708 1251 infima
724 1208 990 1251 multitudine
1010 1209 1206 1264 completi
1227 1218 1339 1257 sunt,
1361 1210 1386 1251 3
1406 1224 1489 1265 qua
1507 1207 1716 1250 maximus

123 1264 290 1322 plausus
327 1267 445 1308 datus
484 1275 560 1318 est,
595 1277 636 1309 et
673 1282 838 1309 summa
865 1266 1060 1309 Ciceroni
1080 1265 1188 1308 facta
1205 1240 1453 1323 gratulatio:
1487 1266 1543 1307 ita
1562 1265 1718 1320 populo

119 1338 222 1365 eum
256 1323 483 1366 deducente
517 1324 566 1366 ad
603 1324 861 1380 Capitolium
901 1323 1098 1381 pervenit,
1127 1324 1237 1366 unde
1269 1324 1374 1366 inter
1399 1323 1718 1365 acclamationes

122 1380 269 1438 populi
283 1381 330 1422 td
355 1381 530 1424 domum
552 1396 623 1438 per
640 1382 779 1424 forum
796 1381 986 1423 reductus
1000 1391 1075 1422 est.

138 1470 141 1471 ν
184 1438 381 1480 Postridie
419 1440 462 1481 in
494 1441 696 1482 Senatum
728 1440 855 1491 venit,
878 1439 952 1482 ubi
979 1448 1020 1480 et
1049 1438 1218 1481 Senatui
1236 1447 1274 1480 et
1293 1438 1448 1494 populo
1466 1438 1619 1502 gratias
1634 1437 1719 1495 agit

124 1511 173 1537 ea
190 1496 391 1549 oratione,
414 1513 508 1554 quae
540 1508 634 1554 post
665 1497 879 1540 reditum
871 1514 914 1539 ιιι
935 1499 1105 1547 Senatu,
1129 1507 1168 1538 et
1189 1497 1328 1547 altera,
1348 1511 1444 1552 quae
1463 1496 1512 1537 ad
1534 1495 1721 1539 Quirites

124 1553 378 1597 inscribitur.
438 1556 536 1596 Hoc
565 1554 691 1596 biduo
711 1557 814 1597 cum
835 1569 999 1596 summa
1019 1564 1124 1595 esset
1139 1568 1319 1595 annonae
1336 1553 1496 1603 caritas,
1515 1553 1722 1596 tumultus

124 1613 153 1653 3
173 1611 289 1666 plebe
309 1612 542 1654 concitatus
560 1624 637 1664 est,
661 1628 756 1676 quae
776 1612 932 1654 caedem
954 1620 994 1653 et
1014 1612 1229 1653 flammam
1248 1610 1434 1662 Senatui,
1457 1610 1529 1666 qui
1558 1611 1599 1652 in
1629 1611 1719 1653 Ca-

126 1668 272 1724 pitolio
307 1668 552 1722 habebatur,
589 1670 780 1712 minitata
809 1679 883 1712 est.
946 1669 1149 1711 Cicerone
1165 1669 1361 1710 suadente
1377 1669 1439 1709 lex
1461 1668 1723 1726 promulgata

128 1736 204 1778 est,
228 1736 274 1768 ut
293 1741 364 1783 per
380 1727 717 1785 quinquennium
740 1728 824 1770 Cn.
845 1726 1044 1783 Pompeio
1062 1727 1118 1768 rei
1135 1725 1372 1768 frumenta]
1365 1741 1414 1766 1ae
1436 1734 1624 1790 potestas·
1633 1734 1722 1767 toto

127 1784 228 1825 orbe
245 1794 443 1826 terrarum
463 1786 760 1827 decerneretur.
821 1787 972 1828 Secuta
1001 1794 1063 1826 est
1094 1784 1240 1826 deinde
1274 1798 1428 1840 magna
1443 1783 1655 1824 contentio
1672 1783 1725 1825 de

129 1841 347 1883 Ciceronis
380 1842 535 1895 domo,
555 1859 652 1900 quae
681 1845 706 1886 3
743 1828 894 1885 Clodio
926 1851 1163 1892 consecrata
1189 1841 1333 1883 fuerat.
1397 1840 1579 1896 Populus
1609 1840 1728 1882 enimv

129 1898 312 1940 comitiis
328 1900 564 1942 centuriatis
581 1916 673 1942 eam
684 1901 856 1942 eodem
840 1915 932 1957 jure
946 1915 1030 1941 esse
1040 1900 1230 1956 jusserat,
1244 1915 1327 1956 quo
1339 1897 1497 1941 fuisset.
1530 1899 1726 1949 Senatus,

129 1966 176 1998 ut
192 1957 240 1997 de
260 1957 347 2014 ejus
365 1958 562 2015 religione
582 1960 630 2000 ad
655 1960 697 2000 Ρ
700 1958 907 1999 unificum
930 1957 1167 2014 Collegium
1189 1956 1413 2007 referretur,
1435 1956 1577 1998 edixit.
1627 1956 1728 2013 Egit

131 2029 299 2056 causam
331 2029 450 2057 suam
472 2019 587 2059 tanta
605 2016 645 2058 vi
665 2014 828 2057 dicendi
850 2015 1014 2066 Cicero,
1035 2026 1082 2057 ut
1101 2030 1274 2057 vacuam
1290 2014 1409 2056 omni
1430 2013 1527 2063 relig
1517 2014 1624 2056 ione
1646 2014 1723 2055 do-

131 2087 253 2115 mum
272 2073 360 2130 ejus
378 2073 598 2116 Pontifices
611 2072 882 2132 judicarintz.
903 2088 949 2115 ea
969 2072 1205 2130 sumptibus
1226 2072 1404 2130 publicis
1424 2072 1608 2114 restituta
1625 2080 1702 2114 est.

493 2189 711 2232 ANNUS
743 2188 921 2232 URBIS
953 2189 1249 2232 CONDITAE
1267 2192 1366 2237 697.

132 2280 228 2322 Coss.
243 2281 309 2321 Cn.
327 2280 494 2321 Cornelio
513 2282 665 2320 Lentulo
684 2281 915 2326 ZIarcellino,
936 2281 979 2319 L.
1001 2280 1153 2318 Marcio
1174 2280 1354 2331 Philippo,
1375 2288 1456 2317 ante
1469 2278 1646 2319 Christum
1666 2268 1729 2321 55.

603 2335 703 2372 Cice}
705 2337 782 2372 onis
798 2335 1100 2386 quinquagesinum
1110 2335 1261 2384 primus.

190 2417 320 2460 Initio
318 2419 464 2483 hujus
492 2417 591 2461 anni
606 2416 758 2460 Cicero
775 2417 892 2460 omni
911 2416 1077 2460 studio
1067 2434 1112 2460 m
1130 2417 1171 2460 id
1189 2417 1396 2470 incubuit,
1415 2429 1462 2462 ut
1485 2417 1589 2461 Pub.
1612 2418 1727 2460 Len-

134 2475 224 2518 tulo
257 2477 327 2533 qui
364 2476 558 2519 Ciliciam
592 2490 666 2532 pro
706 2475 892 2518 Consule
923 2475 1151 2528 obtinebat,
1172 2476 1383 2518 Ptolemaei
1405 2475 1528 2534 Regis
1545 2474 1730 2518 reductio

136 2533 433 2576 decerneretur.
497 2534 600 2576 Pub
625 2532 822 2576 Sextius
809 2550 831 2574 a
850 2534 919 2575 M.
956 2533 1096 2576 Tullio
1130 2534 1398 2576 Albinovano
1436 2512 1525 2590 lege
1562 2532 1731 2575 Lutatia

135 2590 186 2632 de
207 2591 247 2632 vi
265 2608 287 2646 ι
277 2592 490 2634 ostulatus
507 2591 601 2643 fuit,
621 2601 785 2647 propter
802 2592 957 2632 caedem
977 2607 1070 2647 quae
1087 2606 1196 2633 anno
1217 2590 1438 2648 superiore,
1462 2593 1561 2633 curn
1583 2591 1633 2632 de
1649 2589 1729 2632 Ci-

137 2649 298 2691 ceronis
333 2649 464 2692 reditu
500 2660 699 2706 ageretur,
729 2664 773 2690 ln
807 2648 898 2690 foro
926 2648 1033 2691 facta
1055 2658 1141 2702 est3
1175 2650 1242 2691 sed
1264 2648 1453 2691 defensus
1475 2647 1554 2690 fuit
1573 2657 1663 2690 tum
1677 2647 1730 2688 ab

137 2707 384 2759 Hortensio,
403 2716 494 2748 tum
515 2723 532 2748 a
555 2706 786 2750 Cicerone·
820 2706 938 2764 cujus
959 2706 1089 2748 oratio
1102 2682 1176 2762 pio
1194 2706 1334 2750 Sextio
1352 2716 1471 2748 extat
1533 2706 1732 2760 Cumque

136 2763 343 2806 Vatinius
351 2764 532 2807 maxime
551 2764 738 2806 Sextium
753 2764 1089 2821 oppugnavisset,
1104 2774 1229 2836 atque
1245 2763 1289 2805 in
1305 2764 1423 2806 illum
1442 2761 1732 2807 testimonium

136 2820 320 2876 dixisset,
343 2822 492 2866 Cicero
516 2821 733 2866 Vatinium
752 2831 900 2865 testem
930 2825 1126 2878 perpetua
1159 2822 1480 2880 interrogatione
1509 2819 1731 2866 accusavit-

1609 2874 1734 2921 Dixit
