1872 3135
590 86 821 131 ORATIO
853 87 965 131 PRO
996 87 1066 131 M.
1100 86 1330 130 COELIO.
1698 93 1780 132 235

161 201 308 245 eodem
335 215 378 245 se
399 201 670 246 conscientiae
701 203 851 246 scelere
871 204 1069 248 devinxit.
1129 205 1278 248 Tu-ne
1304 217 1454 245 aurum
1486 218 1535 245 ex
1564 218 1704 246 arma-

161 260 223 302 rio
243 270 316 301 tuo
352 276 541 316 promere
574 277 673 304 ausa
693 263 766 304 es?
801 273 927 304 tu-ne
964 265 1172 305 Venerem
1209 261 1324 304 illam
1359 272 1475 308 tuam
1498 261 1706 318 spoliatri-

159 331 254 359 cem
274 318 450 375 spoliare
469 320 755 363 ornamentis?
791 324 990 363 caeterum
1016 323 1117 362 cum
1140 319 1280 370 scires,
1303 329 1508 384 qnantum
1531 320 1579 361 ad
1603 319 1705 361 faci-
1730 324 1777 360 15

158 388 238 416 uus
270 391 418 419 aurum
455 379 536 420 hoc
568 388 831 435 quaereretur,
856 380 903 420 ad
925 394 1072 421 necem
1094 378 1251 420 scilicet
1273 377 1409 434 legati,
1443 378 1491 419 ad
1514 378 1566 420 L.
1587 378 1705 419 Luc-

157 432 252 485 ceii,
276 436 527 479 sanctissimi
550 437 736 479 hominis
766 448 888 494 atque
909 435 1179 494 integerrimi,
1204 436 1342 478 labem
1363 435 1532 478 sceleris
1546 435 1704 493 sempi-

156 491 291 533 terni·
279 525 292 544 ,
327 495 426 536 huic
459 494 633 537 facinori
667 506 782 537 tanto
819 507 890 537 tua
914 510 1032 536 mens
1055 494 1233 536 liberalis
1255 493 1438 546 conseia,
1462 503 1532 535 tua
1552 495 1706 536 domus

155 550 366 606 popularis
397 553 605 605 ministra,
628 563 696 594 tua
717 553 896 609 denique
922 552 1136 607 hospitalis
1158 551 1225 593 illa
1244 552 1391 594 Venus
1422 552 1599 610 adjutrix
1619 567 1708 594 esse

154 622 241 650 non
269 609 423 653 debuit.
484 611 604 654 Vidit
625 612 704 652 hoc
730 610 915 652 Balbus:
951 609 1168 664 [facinoris
1201 611 1383 667 tantum]
1422 611 1596 652 celatam
1619 625 1706 652 esse
1725 613 1782 648 20

156 664 353 710 Clodiam
374 669 498 721 dixit,
521 679 645 726 atque
663 667 720 709 ita
737 667 928 710 Coelium
946 668 994 709 ad
1009 667 1122 712 illam
1140 667 1340 719 attulisse,
1361 668 1428 708 sed
1447 669 1494 710 ad
1511 678 1707 711 ornatum

154 721 351 767 ludorum
372 741 521 769 aurum
555 739 752 790 quaerere.
816 724 860 768 Si
895 735 979 767 tam
1012 724 1226 767 familiaris
1257 737 1341 767 erat
1371 725 1551 778 Clodiae,
1575 742 1707 783 quam

154 790 202 823 tu
233 797 319 825 esse
339 784 417 836 vis,
441 798 542 826 cum
563 784 614 825 de
634 782 808 825 libidine
828 785 914 840 ejus
937 794 1020 825 tam
1054 783 1188 824 multa
1207 782 1339 825 dicis·
1329 816 1341 836 ,
1374 784 1480 825 dixit
1501 785 1703 839 profecto,

153 841 239 896 quo
255 841 374 884 vellet
393 856 567 884 aurum·
602 841 742 883 sitam
776 841 990 883 familiaris
1022 857 1109 883 non
1139 852 1239 893 erat,
1269 857 1359 883 non
1379 841 1503 883 dedit.
1568 845 1646 894 Ita,
1669 843 1705 885 si

153 910 295 939 verum
318 899 395 942 tibi
417 900 584 942 Coelius
606 900 766 951 dixit,
748 916 774 941 o
796 898 1072 941 immoderata
1094 898 1264 951 mulier,
1301 900 1436 942 sciens
1472 909 1517 942 tu
1553 915 1701 944 aurum
1725 905 1777 946 251,

151 955 203 996 ad
225 953 386 1001 facinus
404 957 579 1000 dedisti:
613 959 648 1000 si
667 973 753 999 non
768 967 829 999 est
849 973 972 1000 ausus
993 958 1142 1009 dicere,
1167 973 1252 999 non
1269 957 1429 1000 dedisti.
1492 958 1609 1001 Quid
1627 974 1703 1016 ego

149 1025 265 1055 nunc
282 1016 538 1081 argumentis
557 1017 655 1058 huic
678 1014 862 1066 criminl,
886 1032 983 1072 quae
1001 1027 1100 1058 sunt
1119 1015 1457 1067 innumerabilia,
1481 997 1698 1058 resistam?

149 1083 323 1126 possum
352 1074 504 1126 dicere,
526 1090 663 1116 mores
684 1075 753 1116 M
775 1073 907 1116 Coelii
930 1075 1063 1132 longis
1068 1074 1173 1116 sime
1193 1091 1218 1117 a
1237 1073 1347 1116 tanti
1362 1073 1525 1116 sceleris
1546 1073 1699 1116 atroci-

150 1137 233 1170 tate
251 1145 337 1175 esse
369 1132 630 1190 disjunctos:
666 1132 844 1174 minime
874 1148 962 1174 esse
992 1132 1262 1185 credendum,
1285 1131 1459 1174 homini
1473 1141 1559 1174 tam
1580 1132 1701 1190 inge·-

147 1200 269 1229 121080
286 1202 457 1257 tamque
475 1189 668 1248 prudenti
691 1206 778 1256 non
810 1190 971 1232 venisse
1004 1191 1047 1233 in
1078 1200 1282 1244 mentem,
1306 1206 1392 1234 rem
1427 1191 1531 1234 tanti
1568 1192 1698 1233 scele-
1725 1194 1777 1235 ΞΩ

147 1243 206 1286 ris
221 1244 374 1304 ignotis
395 1249 623 1308 alienisque
640 1249 763 1292 servis
797 1264 884 1291 non
917 1264 1004 1291 esse
1037 1249 1300 1292 credendam.
1363 1251 1541 1291 Possum
1574 1249 1698 1292 etiam

147 1300 234 1355 illa,
257 1318 296 1350 et
313 1318 558 1350 caeterorum
584 1318 854 1371 patronorum
876 1317 915 1349 et
935 1323 1030 1349 mea
1049 1306 1367 1360 consuetudine,
1389 1307 1440 1350 ab
1463 1319 1700 1373 accusatore

147 1367 396 1419 perquirere,
418 1362 500 1409 ubi
525 1367 576 1409 sit
611 1376 858 1423 congressus
883 1381 980 1407 cum
1003 1364 1128 1407 servis
1147 1365 1320 1408 Lucceii
1343 1366 1534 1418 Coelius3
1568 1366 1659 1423 qui
1661 1366 1704 1409 ei

148 1416 272 1464 fuerit
290 1423 455 1466 aditus:
490 1423 532 1465 si
544 1439 614 1481 per
645 1439 702 1476 se,
725 1426 810 1480 qua
830 1423 1090 1466 temeritate?
1126 1423 1159 1465 si
1182 1438 1252 1480 per
1273 1424 1421 1476 alium,
1444 1439 1520 1481 per
1535 1426 1694 1482 quem?

149 1491 321 1533 possum
338 1497 486 1524 omnes
506 1482 680 1525 latebras
701 1481 991 1538 suspicionum
1013 1497 1223 1547 peragrare
1241 1481 1443 1524 dicendo:
1477 1498 1562 1524 non
1595 1497 1696 1525 cau·
1721 1484 1773 1520 35

146 1550 208 1588 sa,
230 1554 318 1581 non
336 1540 467 1593 locus,
490 1555 577 1582 non
599 1539 788 1591 facultas,
807 1554 895 1581 non
916 1539 1125 1592 conscius,
1142 1555 1227 1581 non
1250 1539 1504 1604 perficiendi,
1520 1556 1606 1582 non
1620 1555 1700 1582 oc-

148 1595 331 1639 cultandi
353 1598 548 1640 maleficii
582 1611 689 1655 spes,
711 1613 799 1639 non
826 1597 932 1639 ratio
965 1597 1065 1650 ulla,
1087 1613 1175 1640 non
1195 1597 1417 1655 'vestigium
1435 1597 1611 1641 maximi
1632 1598 1695 1640 fa·-

147 1651 302 1696 cinoris
319 1654 557 1721 reperietur.
618 1656 698 1699 Sed
721 1657 830 1708 h‘ec,
852 1671 945 1713 quae
963 1666 1062 1698 sunt
1082 1655 1254 1698 oratoris
1275 1656 1454 1714 propria,
1478 1672 1574 1720 quae
1588 1656 1698 1698 mihi

144 1725 233 1754 non
259 1723 425 1770 propter
457 1713 675 1771 ingenium
710 1726 893 1766 meum,
889 1714 976 1755 sed
1006 1723 1173 1772 propter
1207 1715 1316 1756 hanc
1354 1714 1695 1757 exercitationem

144 1785 356 1830 usumque
372 1772 555 1825 dicendi,
578 1772 760 1815 fructum
785 1770 967 1829 aliquem
990 1771 1100 1813 ferre
1113 1771 1363 1828 potuissent,
1373 1774 1483 1814 cum
1504 1789 1529 1814 a
1550 1772 1695 1837 meip-
1713 1773 1771 1808 40

144 1842 191 1870 50
229 1829 414 1872 laborata
450 1830 621 1886 proferri
655 1829 904 1883 viderentur,
927 1829 1135 1872 brevitatis
1168 1833 1293 1873 causa
1325 1830 1514 1887 relinquo
1533 1846 1692 1873 Omma.

143 1886 296 1932 Habeo
311 1887 443 1942 enim,
459 1890 487 1932 J
490 1889 646 1940 udices,
657 1903 796 1954 ’quem
816 1902 889 1930 vos
921 1888 1084 1931 socium
1115 1898 1262 1931 vestrae
1282 1888 1521 1954 religionis
1504 1889 1695 1953 jurisque

139 1946 306 2004 jurandi
329 1946 449 1989 facile
469 1962 556 1989 esse
584 1946 817 2004 patiemini,
840 1947 892 1989 L‘.
915 1946 1166 1999 Lucceium,
1204 1946 1518 1990 sanctissimum
1550 1947 1693 1990 homi-

142 2019 257 2056 nem,
282 2014 321 2047 et
339 2005 630 2062 gravissimum
651 2015 825 2048 testem·
858 2004 930 2062 qui
962 2014 1128 2048 tantum
1163 2004 1325 2049 facinus
1364 2005 1408 2048 in
1438 2005 1594 2048 famam
1627 2015 1692 2048 at-

144 2078 226 2121 que.
255 2051 441 2106 fortunas
474 2079 568 2106 suas
606 2079 742 2129 neque
768 2079 856 2107 non
888 2062 1068 2106 audisset
1106 2063 1270 2106 illatum
1300 2080 1326 2107 a
1366 2064 1522 2116 Catio,
1555 2079 1691 2121 neque
1706 2062 1763 2098 45

142 2121 409 2186 neglexisset,
456 2138 592 2188 neque
635 2121 812 2166 tulisset.
874 2123 947 2164 An
979 2121 1047 2164 ille
1077 2122 1152 2174 vir,
1187 2121 1257 2165 illa
1287 2122 1548 2164 humanitate
1578 2138 1689 2178 prae-

141 2178 269 2234 ditus,
293 2179 374 2222 illis
393 2180 555 2234 studiis,
579 2180 734 2224 artibus
756 2191 878 2238 atque
897 2180 1102 2233 doctrina,
1127 2179 1279 2222 illius
1270 2180 1398 2237 ipsius
1437 2180 1686 2238 periculum,

188 2326 239 2357 14·-
266 2326 406 2358 Venerem
421 2325 532 2369 illam]
554 2325 668 2359 Clodia
684 2324 892 2358 simulacrum
980 2325 1033 2357 20.
1048 2323 1130 2356 Vidit
1139 2324 1191 2355 hoc
1203 2324 1341 2368 Balbus]
1358 2324 1446 2357 Balbi
1461 2325 1686 2358 testimonium

142 2370 278 2403 Veneris
303 2382 436 2404 aureum
458 2371 579 2403 habere
601 2370 780 2407 dicebatur,
792 2380 892 2413 quam
934 2369 1070 2401 anatum
1085 2369 1125 2400 ab
1142 2370 1380 2402 accusatoribus
1396 2370 1525 2402 irritum
1540 2370 1628 2403 facit.

141 2422 181 2447 ut
193 2416 358 2454 meretrix,
369 2424 401 2448 et
416 2416 581 2459 impudica
595 2415 713 2448 mulier
730 2415 867 2447 colebat.
980 2415 1034 2445 24.
1059 2415 1128 2446 Qud
1143 2413 1256 2457 vellet]
1281 2415 1315 2445 In
1340 2425 1437 2456 quern
1464 2426 1556 2446 usum
1571 2424 1686 2447 aurum

187 2459 232 2490 lb.
254 2460 488 2510 spoliatricem]
522 2461 748 2504 Spoliatricem
779 2458 890 2503 appel·
934 2458 1015 2491 illud
1030 2459 1193 2491 insumere
1209 2458 1320 2497 vellet,
1336 2459 1455 2490 Coelius
1473 2459 1594 2492 Clodiae
1615 2460 1688 2492 dix-

140 2503 196 2541 lat,
207 2504 283 2546 quia
294 2505 431 2537 Veneris
441 2506 560 2538 auxilio
572 2505 692 2537 multos
707 2504 890 2537 adolescen-
934 2504 971 2536 it.

140 2556 188 2580 tes
203 2548 400 2591 patrimonio
416 2549 531 2582 Clodia
542 2550 745 2593 spoliaverat.
978 2548 1030 2579 33.
1057 2547 1117 2579 Ubi
1129 2548 1169 2578 sit
1182 2547 1381 2591 congressus]
1414 2547 1558 2580 Excutit·
1574 2558 1689 2581 omnes

189 2593 237 2624 19.
263 2593 448 2638 Popularia]
500 2595 661 2638 populare
691 2594 812 2626 dicitur
841 2594 891 2626 vel
936 2592 1193 2625 circumstantias
1204 2600 1275 2624 tum
1292 2593 1390 2624 aloco
1403 2593 1578 2636 piaecipue‚
1589 2601 1621 2625 et
1635 2593 1685 2625 {a

141 2638 229 2681 quod
251 2648 422 2669 commune
442 2647 489 2671 est
519 2639 653 2683 populo,
666 2639 718 2671 vel
738 2638 826 2682 quod
841 2638 888 2670 illi
934 2637 1063 2675 cult-ate,
1077 2645 1109 2669 et
1124 2636 1204 2668 falsa
1218 2646 1289 2669 esse
1300 2637 1506 2676 demonstrat,
1523 2649 1595 2680 quae
1609 2638 1684 2672 Cae-

137 2691 269 2726 gratum
284 2689 329 2713 est
340 2689 372 2714 et
385 2682 573 2724 jucundum.
933 2681 979 2714 lio
992 2680 1120 2724 objecta
1136 2689 1218 2712 sunt.
1687 2692 1691 2701 ·-

184 2726 455 2770 lb.Hosp1'talis.]
491 2731 630 2772 Propter
646 2756 653 2770 ι
667 2726 888 2765 simulacrum,
976 2694 1183 2764 4Q.JJurisj1
1186 2725 1289 2769 andi]
1322 2725 1452 2769 Judices
1472 2734 1503 2759 et
1521 2733 1566 2759 te
1571 2735 1617 2758 tes
1627 2726 1681 2768 ju-

137 2773 226 2814 quod
255 2772 288 2803 in
319 2771 385 2803 suis
402 2772 521 2808 aedibus
552 2774 669 2813 Clodia
692 2772 888 2813 asservabat,
931 2770 1056 2808 rabant,
1073 2781 1103 2802 se
1132 2769 1216 2802 nihil
1242 2779 1355 2805 contra
1379 2771 1540 2815 justitiam
1556 2778 1682 2805 acturos

136 2816 304 2861 hospitalis
316 2816 442 2851 dicitur.
886 2848 897 2860 ι
931 2814 985 2849 vel
999 2794 1099 2848 dic’i‘tu
1101 2825 1140 2847 os
1156 2824 1231 2848 esse.

1555 2875 1681 2917 quem
