<?xml version="1.0" encoding="UTF-8"?>
<!DOCTYPE html PUBLIC "-//W3C//DTD XHTML 1.0 Transitional//EN"
    "http://www.w3.org/TR/xhtml1/DTD/xhtml1-transitional.dtd">
<html xmlns="http://www.w3.org/1999/xhtml" xml:lang="en" lang="en">
 <head>
  <title>
</title>
<meta http-equiv="Content-Type" content="text/html;charset=utf-8" />
  <meta name='ocr-system' content='tesseract 3.04.00' />
  <meta name='ocr-capabilities' content='ocr_page ocr_carea ocr_par ocr_line ocrx_word'/>
</head>
<body>
  <div class='ocr_page' id='page_1' title='image "./orationesquaedam00ciceuoft_0353.png"; bbox 0 0 1872 3140; ppageno 0'>
   <div class='ocr_carea' id='block_1_1' title="bbox 437 139 898 184">
    <p class='ocr_par' dir='ltr' id='par_1_1' title="bbox 437 139 898 184">
     <span class='ocr_line' id='line_1_1' title="bbox 437 139 898 184; baseline -0.013 0"><span class='ocrx_word' id='word_1_1' title='bbox 437 139 669 184; x_wconf 85' lang='lat' dir='ltr'>ORATIO</span> <span class='ocrx_word' id='word_1_2' title='bbox 697 139 819 182; x_wconf 88' lang='lat' dir='ltr'>PRO</span> <span class='ocrx_word' id='word_1_3' title='bbox 845 139 898 181; x_wconf 84' lang='lat' dir='ltr'>T.</span> 
     </span>
    </p>
   </div>
   <div class='ocr_carea' id='block_1_2' title="bbox 929 139 1390 193">
    <p class='ocr_par' dir='ltr' id='par_1_2' title="bbox 929 139 1390 193">
     <span class='ocr_line' id='line_1_2' title="bbox 929 139 1390 193; baseline 0.007 -13"><span class='ocrx_word' id='word_1_4' title='bbox 929 139 1118 181; x_wconf 75' lang='lat' dir='ltr'>ANNIO</span> <span class='ocrx_word' id='word_1_5' title='bbox 1148 139 1390 193; x_wconf 57' lang='lat' dir='ltr'>MthONE.</span> 
     </span>
    </p>
   </div>
   <div class='ocr_carea' id='block_1_3' title="bbox 138 255 1743 829">
    <p class='ocr_par' dir='ltr' id='par_1_3' title="bbox 138 255 1743 829">
     <span class='ocr_line' id='line_1_3' title="bbox 149 255 1675 311; baseline 0.001 -13"><span class='ocrx_word' id='word_1_6' title='bbox 149 256 312 305; x_wconf 68' lang='lat' dir='ltr'>Imm-sit</span> <span class='ocrx_word' id='word_1_7' title='bbox 332 255 437 302; x_wconf 68' lang='lat' dir='ltr'>inter</span> <span class='ocrx_word' id='word_1_8' title='bbox 457 255 549 295; x_wconf 77' lang='lat' dir='ltr'>vit-:e</span> <span class='ocrx_word' id='word_1_9' title='bbox 581 255 821 310; x_wconf 81' lang='lat' dir='ltr'>dignitatem</span> <span class='ocrx_word' id='word_1_10' title='bbox 852 270 1104 296; x_wconf 85' lang='lat' dir='ltr'>summorum</span> <span class='ocrx_word' id='word_1_11' title='bbox 1135 266 1255 311; x_wconf 78' lang='lat' dir='ltr'>atque</span> <span class='ocrx_word' id='word_1_12' title='bbox 1271 256 1535 298; x_wconf 84' lang='lat' dir='ltr'>infimorum:</span> <span class='ocrx_word' id='word_1_13' title='bbox 1564 273 1675 307; x_wconf 86' lang='lat' dir='ltr'>mors</span> 
     </span>
     <span class='ocr_line' id='line_1_4' title="bbox 153 313 1674 368; baseline 0.002 -13"><span class='ocrx_word' id='word_1_14' title='bbox 153 315 325 368; x_wconf 69' lang='lat' dir='ltr'>quidem,</span> <span class='ocrx_word' id='word_1_15' title='bbox 342 313 451 358; x_wconf 87' lang='lat' dir='ltr'>illata</span> <span class='ocrx_word' id='word_1_16' title='bbox 484 327 558 366; x_wconf 84' lang='lat' dir='ltr'>per</span> <span class='ocrx_word' id='word_1_17' title='bbox 589 314 717 353; x_wconf 83' lang='lat' dir='ltr'>scelus</span> <span class='ocrx_word' id='word_1_18' title='bbox 751 314 893 354; x_wconf 78' lang='lat' dir='ltr'>iisdem</span> <span class='ocrx_word' id='word_1_19' title='bbox 929 314 1060 366; x_wconf 85' lang='lat' dir='ltr'>poenis</span> <span class='ocrx_word' id='word_1_20' title='bbox 1093 325 1278 355; x_wconf 86' lang='lat' dir='ltr'>teneatur</span> <span class='ocrx_word' id='word_1_21' title='bbox 1314 325 1354 356; x_wconf 91' lang='lat' dir='ltr'>et</span> <span class='ocrx_word' id='word_1_22' title='bbox 1382 314 1562 368; x_wconf 82' lang='lat' dir='ltr'>legibus;</span> <span class='ocrx_word' id='word_1_23' title='bbox 1595 317 1674 360; x_wconf 88' lang='lat' dir='ltr'>nisi</span> 
     </span>
     <span class='ocr_line' id='line_1_5' title="bbox 151 368 1673 427; baseline 0.003 -16"><span class='ocrx_word' id='word_1_24' title='bbox 151 368 256 412; x_wconf 73' lang='lat' dir='ltr'>forte</span> <span class='ocrx_word' id='word_1_25' title='bbox 286 370 414 425; x_wconf 79' lang='lat' dir='ltr'>magis</span> <span class='ocrx_word' id='word_1_26' title='bbox 445 370 521 410; x_wconf 88' lang='lat' dir='ltr'>erit</span> <span class='ocrx_word' id='word_1_27' title='bbox 556 370 766 424; x_wconf 74' lang='lat' dir='ltr'>parricida,</span> <span class='ocrx_word' id='word_1_28' title='bbox 801 372 831 411; x_wconf 83' lang='lat' dir='ltr'>si</span> <span class='ocrx_word' id='word_1_29' title='bbox 865 371 952 425; x_wconf 84' lang='lat' dir='ltr'>quis</span> <span class='ocrx_word' id='word_1_30' title='bbox 987 372 1237 411; x_wconf 83' lang='lat' dir='ltr'><strong>consularem</strong></span> <span class='ocrx_word' id='word_1_31' title='bbox 1272 382 1446 426; x_wconf 87' lang='lat' dir='ltr'>patrem,</span> <span class='ocrx_word' id='word_1_32' title='bbox 1480 371 1604 427; x_wconf 65' lang='lat' dir='ltr'>quam</span> <span class='ocrx_word' id='word_1_33' title='bbox 1638 374 1673 415; x_wconf 86' lang='lat' dir='ltr'>si</span> 
     </span>
     <span class='ocr_line' id='line_1_6' title="bbox 149 425 1670 483; baseline 0.001 -15"><span class='ocrx_word' id='word_1_34' title='bbox 149 427 238 483; x_wconf 86' lang='lat' dir='ltr'>quis</span> <span class='ocrx_word' id='word_1_35' title='bbox 275 427 476 467; x_wconf 85' lang='lat' dir='ltr'>humilem</span> <span class='ocrx_word' id='word_1_36' title='bbox 514 428 732 476; x_wconf 82' lang='lat' dir='ltr'>necaverit,</span> <span class='ocrx_word' id='word_1_37' title='bbox 782 438 849 468; x_wconf 82' lang='lat' dir='ltr'>aut</span> <span class='ocrx_word' id='word_1_38' title='bbox 897 425 953 468; x_wconf 68' lang='lat' dir='ltr'>eo</span> <span class='ocrx_word' id='word_1_39' title='bbox 989 443 1097 468; x_wconf 84' lang='lat' dir='ltr'>mors</span> <span class='ocrx_word' id='word_1_40' title='bbox 1131 429 1304 469; x_wconf 80' lang='lat' dir='ltr'>atrocior</span> <span class='ocrx_word' id='word_1_41' title='bbox 1335 430 1410 471; x_wconf 88' lang='lat' dir='ltr'>erit</span> <span class='ocrx_word' id='word_1_42' title='bbox 1440 428 1487 469; x_wconf 89' lang='lat' dir='ltr'>P.</span> <span class='ocrx_word' id='word_1_43' title='bbox 1519 430 1670 483; x_wconf 70' lang='lat' dir='ltr'>Clodii,</span> 
     </span>
     <span class='ocr_line' id='line_1_7' title="bbox 149 479 1743 539; baseline 0.003 -14"><span class='ocrx_word' id='word_1_44' title='bbox 149 479 260 539; x_wconf 64' lang='lat' dir='ltr'>quod</span> <span class='ocrx_word' id='word_1_45' title='bbox 282 484 314 525; x_wconf 85' lang='lat' dir='ltr'>is</span> <span class='ocrx_word' id='word_1_46' title='bbox 334 485 376 524; x_wconf 85' lang='lat' dir='ltr'>in</span> <span class='ocrx_word' id='word_1_47' title='bbox 396 485 672 525; x_wconf 85' lang='lat' dir='ltr'>monumentis</span> <span class='ocrx_word' id='word_1_48' title='bbox 704 485 903 537; x_wconf 73' lang='lat' dir='ltr'>majorum</span> <span class='ocrx_word' id='word_1_49' title='bbox 923 500 1090 525; x_wconf 84' lang='lat' dir='ltr'>suorum</span> <span class='ocrx_word' id='word_1_50' title='bbox 1110 486 1159 525; x_wconf 88' lang='lat' dir='ltr'>sit</span> <span class='ocrx_word' id='word_1_51' title='bbox 1178 485 1435 536; x_wconf 86' lang='lat' dir='ltr'>interfectus;</span> <span class='ocrx_word' id='word_1_52' title='bbox 1458 487 1538 529; x_wconf 87' lang='lat' dir='ltr'>hoc</span> <span class='ocrx_word' id='word_1_53' title='bbox 1557 489 1668 537; x_wconf 85' lang='lat' dir='ltr'>enim</span> <span class='ocrx_word' id='word_1_54' title='bbox 1687 493 1743 530; x_wconf 81' lang='lat'>30</span> 
     </span>
     <span class='ocr_line' id='line_1_8' title="bbox 145 541 1670 598; baseline -0.001 -16"><span class='ocrx_word' id='word_1_55' title='bbox 145 555 251 595; x_wconf 76' lang='lat' dir='ltr'>saepe</span> <span class='ocrx_word' id='word_1_56' title='bbox 279 542 328 582; x_wconf 84' lang='lat' dir='ltr'>ab</span> <span class='ocrx_word' id='word_1_57' title='bbox 348 541 432 583; x_wconf 87' lang='lat' dir='ltr'>istis</span> <span class='ocrx_word' id='word_1_58' title='bbox 452 542 625 590; x_wconf 75' lang='lat' dir='ltr'>dicitur3</span> <span class='ocrx_word' id='word_1_59' title='bbox 656 542 825 596; x_wconf 83' lang='lat' dir='ltr'>perinde</span> <span class='ocrx_word' id='word_1_60' title='bbox 846 543 956 596; x_wconf 87' lang='lat' dir='ltr'>quasi</span> <span class='ocrx_word' id='word_1_61' title='bbox 978 542 1132 595; x_wconf 83' lang='lat' dir='ltr'>Appius</span> <span class='ocrx_word' id='word_1_62' title='bbox 1158 542 1225 582; x_wconf 87' lang='lat' dir='ltr'>ille</span> <span class='ocrx_word' id='word_1_63' title='bbox 1247 541 1388 584; x_wconf 85' lang='lat' dir='ltr'>Caecus</span> <span class='ocrx_word' id='word_1_64' title='bbox 1408 544 1513 584; x_wconf 86' lang='lat' dir='ltr'>viam</span> <span class='ocrx_word' id='word_1_65' title='bbox 1533 547 1670 598; x_wconf 66' lang='lat' dir='ltr'>mun}-</span> 
     </span>
     <span class='ocr_line' id='line_1_9' title="bbox 145 596 1675 655; baseline 0.003 -16"><span class='ocrx_word' id='word_1_66' title='bbox 145 599 236 647; x_wconf 84' lang='lat' dir='ltr'>erit,</span> <span class='ocrx_word' id='word_1_67' title='bbox 258 613 343 640; x_wconf 90' lang='lat' dir='ltr'>non</span> <span class='ocrx_word' id='word_1_68' title='bbox 378 596 459 654; x_wconf 63' lang='lat' dir='ltr'>qua</span> <span class='ocrx_word' id='word_1_69' title='bbox 491 600 662 653; x_wconf 89' lang='lat' dir='ltr'>populus</span> <span class='ocrx_word' id='word_1_70' title='bbox 699 609 896 646; x_wconf 86' lang='lat' dir='ltr'>uteretur,</span> <span class='ocrx_word' id='word_1_71' title='bbox 918 599 988 639; x_wconf 88' lang='lat' dir='ltr'>sed</span> <span class='ocrx_word' id='word_1_72' title='bbox 1018 599 1086 638; x_wconf 90' lang='lat' dir='ltr'>ubi</span> <span class='ocrx_word' id='word_1_73' title='bbox 1107 596 1274 652; x_wconf 70' lang='lat' dir='ltr'>impune</span> <span class='ocrx_word' id='word_1_74' title='bbox 1294 601 1355 640; x_wconf 90' lang='lat' dir='ltr'>sui</span> <span class='ocrx_word' id='word_1_75' title='bbox 1375 602 1524 654; x_wconf 84' lang='lat' dir='ltr'>posteri</span> <span class='ocrx_word' id='word_1_76' title='bbox 1545 603 1675 655; x_wconf 76' lang='lat' dir='ltr'>latro-‘</span> 
     </span>
     <span class='ocr_line' id='line_1_10' title="bbox 140 652 1669 710; baseline 0.004 -14"><span class='ocrx_word' id='word_1_77' title='bbox 140 655 389 703; x_wconf 78' lang='lat' dir='ltr'>cinarentur.</span> <span class='ocrx_word' id='word_1_78' title='bbox 429 656 573 710; x_wconf 86' lang='lat' dir='ltr'>Itaque</span> <span class='ocrx_word' id='word_1_79' title='bbox 593 656 635 696; x_wconf 87' lang='lat' dir='ltr'>in</span> <span class='ocrx_word' id='word_1_80' title='bbox 657 654 800 696; x_wconf 65' lang='lat' dir='ltr'>eadem</span> <span class='ocrx_word' id='word_1_81' title='bbox 822 654 897 695; x_wconf 69' lang='lat' dir='ltr'>ista</span> <span class='ocrx_word' id='word_1_82' title='bbox 926 652 1062 709; x_wconf 62' lang='lat' dir='ltr'>Appia</span> <span class='ocrx_word' id='word_1_83' title='bbox 1081 654 1160 704; x_wconf 63' lang='lat' dir='ltr'>via,</span> <span class='ocrx_word' id='word_1_84' title='bbox 1177 653 1273 696; x_wconf 72' lang='lat' dir='ltr'>cum</span> <span class='ocrx_word' id='word_1_85' title='bbox 1294 658 1594 700; x_wconf 82' lang='lat' dir='ltr'>ornatissimum</span> <span class='ocrx_word' id='word_1_86' title='bbox 1625 677 1669 702; x_wconf 85' lang='lat' dir='ltr'>e-</span> 
     </span>
     <span class='ocr_line' id='line_1_11' title="bbox 143 710 1666 767; baseline 0.004 -14"><span class='ocrx_word' id='word_1_87' title='bbox 143 713 303 767; x_wconf 80' lang='lat' dir='ltr'>quitem</span> <span class='ocrx_word' id='word_1_88' title='bbox 337 714 464 761; x_wconf 73' lang='lat' dir='ltr'>Rom.</span> <span class='ocrx_word' id='word_1_89' title='bbox 494 713 541 752; x_wconf 86' lang='lat' dir='ltr'>P.</span> <span class='ocrx_word' id='word_1_90' title='bbox 572 711 740 752; x_wconf 91' lang='lat' dir='ltr'>Clodius</span> <span class='ocrx_word' id='word_1_91' title='bbox 772 710 840 751; x_wconf 86' lang='lat' dir='ltr'>M.</span> <span class='ocrx_word' id='word_1_92' title='bbox 871 711 1079 766; x_wconf 88' lang='lat' dir='ltr'>Papirium</span> <span class='ocrx_word' id='word_1_93' title='bbox 1109 713 1336 764; x_wconf 87' lang='lat' dir='ltr'>occidisset,</span> <span class='ocrx_word' id='word_1_94' title='bbox 1357 728 1441 755; x_wconf 88' lang='lat' dir='ltr'>non</span> <span class='ocrx_word' id='word_1_95' title='bbox 1461 715 1538 758; x_wconf 76' lang='lat' dir='ltr'>fuit</span> <span class='ocrx_word' id='word_1_96' title='bbox 1565 717 1666 759; x_wconf 87' lang='lat' dir='ltr'>illud</span> 
     </span>
     <span class='ocr_line' id='line_1_12' title="bbox 138 768 1737 829; baseline 0.004 -19"><span class='ocrx_word' id='word_1_97' title='bbox 138 769 296 812; x_wconf 84' lang='lat' dir='ltr'>facinus</span> <span class='ocrx_word' id='word_1_98' title='bbox 316 771 595 826; x_wconf 73' lang='lat' dir='ltr'>punieadum3</span> <span class='ocrx_word' id='word_1_99' title='bbox 625 769 752 809; x_wconf 84' lang='lat' dir='ltr'>homo</span> <span class='ocrx_word' id='word_1_100' title='bbox 774 768 884 814; x_wconf 84' lang='lat' dir='ltr'>enim</span> <span class='ocrx_word' id='word_1_101' title='bbox 905 770 1051 810; x_wconf 77' lang='lat' dir='ltr'>nobilis</span> <span class='ocrx_word' id='word_1_102' title='bbox 1071 769 1114 809; x_wconf 90' lang='lat' dir='ltr'>in</span> <span class='ocrx_word' id='word_1_103' title='bbox 1136 771 1522 813; x_wconf 81' lang='lat' dir='ltr'>suis-monumentis</span> <span class='ocrx_word' id='word_1_104' title='bbox 1551 776 1665 829; x_wconf 77' lang='lat' dir='ltr'>cqui-</span> <span class='ocrx_word' id='word_1_105' title='bbox 1683 779 1737 816; x_wconf 79' lang='lat'>35</span> 
     </span>
    </p>
   </div>
   <div class='ocr_carea' id='block_1_4' title="bbox 138 826 697 876">
    <p class='ocr_par' dir='ltr' id='par_1_4' title="bbox 138 826 697 876">
     <span class='ocr_line' id='line_1_13' title="bbox 138 826 697 876; baseline -0.005 -7"><span class='ocrx_word' id='word_1_106' title='bbox 138 838 226 875; x_wconf 70' lang='lat' dir='ltr'>tem</span> <span class='ocrx_word' id='word_1_107' title='bbox 264 827 443 876; x_wconf 82' lang='lat' dir='ltr'>Roman.</span> <span class='ocrx_word' id='word_1_108' title='bbox 481 826 697 868; x_wconf 87' lang='lat' dir='ltr'>occiderat.</span> 
     </span>
    </p>
   </div>
   <div class='ocr_carea' id='block_1_5' title="bbox 757 826 1665 884">
    <p class='ocr_par' dir='ltr' id='par_1_5' title="bbox 757 826 1665 884">
     <span class='ocr_line' id='line_1_14' title="bbox 757 826 1665 884; baseline 0.008 -18"><span class='ocrx_word' id='word_1_109' title='bbox 757 826 881 867; x_wconf 89' lang='lat' dir='ltr'>Nunc</span> <span class='ocrx_word' id='word_1_110' title='bbox 916 827 1098 878; x_wconf 84' lang='lat' dir='ltr'>ejusdem</span> <span class='ocrx_word' id='word_1_111' title='bbox 1131 827 1272 882; x_wconf 69' lang='lat' dir='ltr'>Appia:</span> <span class='ocrx_word' id='word_1_112' title='bbox 1307 843 1460 870; x_wconf 88' lang='lat' dir='ltr'>nomen</span> <span class='ocrx_word' id='word_1_113' title='bbox 1495 844 1665 884; x_wconf 79' lang='lat' dir='ltr'>quantas</span> 
     </span>
    </p>
   </div>
   <div class='ocr_carea' id='block_1_6' title="bbox 137 881 1664 1000">
    <p class='ocr_par' dir='ltr' id='par_1_6' title="bbox 137 881 1664 1000">
     <span class='ocr_line' id='line_1_15' title="bbox 137 881 1664 942; baseline 0.003 -16"><span class='ocrx_word' id='word_1_114' title='bbox 137 886 354 941; x_wconf 68' lang='lat' dir='ltr'>tragoedias</span> <span class='ocrx_word' id='word_1_115' title='bbox 374 881 554 925; x_wconf 82' lang='lat' dir='ltr'>excitat?</span> <span class='ocrx_word' id='word_1_116' title='bbox 585 898 676 938; x_wconf 86' lang='lat' dir='ltr'>quae</span> <span class='ocrx_word' id='word_1_117' title='bbox 701 895 910 925; x_wconf 81' lang='lat' dir='ltr'>cruentata</span> <span class='ocrx_word' id='word_1_118' title='bbox 937 881 1056 928; x_wconf 59' lang='lat' dir='ltr'>antea</span> <span class='ocrx_word' id='word_1_119' title='bbox 1075 886 1186 926; x_wconf 81' lang='lat' dir='ltr'>caede</span> <span class='ocrx_word' id='word_1_120' title='bbox 1207 887 1510 942; x_wconf 77' lang='lat' dir='ltr'>honestiatque</span> <span class='ocrx_word' id='word_1_121' title='bbox 1544 888 1664 931; x_wconf 89' lang='lat' dir='ltr'>inno-</span> 
     </span>
     <span class='ocr_line' id='line_1_16' title="bbox 138 939 1662 1000; baseline 0.003 -18"><span class='ocrx_word' id='word_1_122' title='bbox 138 943 264 987; x_wconf 75' lang='lat' dir='ltr'>centis</span> <span class='ocrx_word' id='word_1_123' title='bbox 286 941 360 983; x_wconf 75' lang='lat' dir='ltr'>viri</span> <span class='ocrx_word' id='word_1_124' title='bbox 391 942 597 989; x_wconf 83' lang='lat' dir='ltr'><strong>silebatur,</strong></span> <span class='ocrx_word' id='word_1_125' title='bbox 633 942 775 983; x_wconf 87' lang='lat' dir='ltr'>eadem</span> <span class='ocrx_word' id='word_1_126' title='bbox 810 955 920 982; x_wconf 87' lang='lat' dir='ltr'>nunc</span> <span class='ocrx_word' id='word_1_127' title='bbox 955 939 1100 982; x_wconf 70' lang='lat' dir='ltr'>crebro</span> <span class='ocrx_word' id='word_1_128' title='bbox 1134 954 1368 997; x_wconf 81' lang='lat' dir='ltr'>usurpatur,</span> <span class='ocrx_word' id='word_1_129' title='bbox 1399 956 1662 1000; x_wconf 82' lang='lat' dir='ltr'>posteaquam</span> 
     </span>
    </p>
   </div>
   <div class='ocr_carea' id='block_1_7' title="bbox 133 998 1736 1112">
    <p class='ocr_par' dir='ltr' id='par_1_7' title="bbox 133 998 1736 1112">
     <span class='ocr_line' id='line_1_17' title="bbox 136 998 1075 1055; baseline 0.002 -17"><span class='ocrx_word' id='word_1_130' title='bbox 136 999 302 1043; x_wconf 72' lang='lat' dir='ltr'>latronis</span> <span class='ocrx_word' id='word_1_131' title='bbox 323 1010 364 1040; x_wconf 89' lang='lat' dir='ltr'>et</span> <span class='ocrx_word' id='word_1_132' title='bbox 383 998 597 1053; x_wconf 84' lang='lat' dir='ltr'>parricidae-</span> <span class='ocrx_word' id='word_1_133' title='bbox 612 1000 808 1055; x_wconf 79' lang='lat' dir='ltr'>sanguine</span> <span class='ocrx_word' id='word_1_134' title='bbox 829 999 985 1040; x_wconf 85' lang='lat' dir='ltr'>imbuta</span> <span class='ocrx_word' id='word_1_135' title='bbox 1003 1010 1075 1040; x_wconf 84' lang='lat' dir='ltr'>est.</span> 
     </span>
     <span class='ocr_line' id='line_1_18' title="bbox 133 1054 1736 1112; baseline 0.004 -16"><span class='ocrx_word' id='word_1_136' title='bbox 133 1054 352 1098; x_wconf 89' lang='lat' dir='ltr'>memoro?</span> <span class='ocrx_word' id='word_1_137' title='bbox 381 1057 698 1110; x_wconf 82' lang='lat' dir='ltr'>comprehensus</span> <span class='ocrx_word' id='word_1_138' title='bbox 733 1068 791 1098; x_wconf 89' lang='lat' dir='ltr'>est</span> <span class='ocrx_word' id='word_1_139' title='bbox 824 1056 865 1096; x_wconf 86' lang='lat' dir='ltr'>in</span> <span class='ocrx_word' id='word_1_140' title='bbox 899 1057 1053 1111; x_wconf 85' lang='lat' dir='ltr'>templo</span> <span class='ocrx_word' id='word_1_141' title='bbox 1086 1056 1262 1098; x_wconf 82' lang='lat' dir='ltr'>Castoris</span> <span class='ocrx_word' id='word_1_142' title='bbox 1282 1073 1419 1100; x_wconf 88' lang='lat' dir='ltr'>servus</span> <span class='ocrx_word' id='word_1_143' title='bbox 1438 1059 1484 1100; x_wconf 88' lang='lat' dir='ltr'>P.</span> <span class='ocrx_word' id='word_1_144' title='bbox 1510 1059 1662 1112; x_wconf 86' lang='lat' dir='ltr'>Clodii,</span> <span class='ocrx_word' id='word_1_145' title='bbox 1679 1065 1736 1103; x_wconf 85' lang='lat'>40</span> 
     </span>
    </p>
   </div>
   <div class='ocr_carea' id='block_1_8' title="bbox 1134 999 1662 1057">
    <p class='ocr_par' dir='ltr' id='par_1_8' title="bbox 1134 999 1662 1057">
     <span class='ocr_line' id='line_1_19' title="bbox 1134 999 1662 1057; baseline 0.011 -17"><span class='ocrx_word' id='word_1_146' title='bbox 1134 999 1217 1040; x_wconf 90' lang='lat' dir='ltr'>Sed</span> <span class='ocrx_word' id='word_1_147' title='bbox 1245 1001 1343 1056; x_wconf 90' lang='lat' dir='ltr'>quid</span> <span class='ocrx_word' id='word_1_148' title='bbox 1363 1015 1439 1057; x_wconf 84' lang='lat' dir='ltr'>ego</span> <span class='ocrx_word' id='word_1_149' title='bbox 1458 1003 1526 1053; x_wconf 82' lang='lat' dir='ltr'>illa</span> <span class='ocrx_word' id='word_1_150' title='bbox 1546 1018 1662 1052; x_wconf 82' lang='lat' dir='ltr'>corn·</span> 
     </span>
    </p>
   </div>
   <div class='ocr_carea' id='block_1_9' title="bbox 124 1112 1730 1629">
    <p class='ocr_par' dir='ltr' id='par_1_9' title="bbox 124 1112 1730 1629">
     <span class='ocr_line' id='line_1_20' title="bbox 134 1112 1663 1168; baseline 0.005 -14"><span class='ocrx_word' id='word_1_151' title='bbox 134 1128 258 1168; x_wconf 84' lang='lat' dir='ltr'>quern</span> <span class='ocrx_word' id='word_1_152' title='bbox 277 1115 345 1155; x_wconf 90' lang='lat' dir='ltr'>ille</span> <span class='ocrx_word' id='word_1_153' title='bbox 365 1114 416 1161; x_wconf 84' lang='lat' dir='ltr'>ad</span> <span class='ocrx_word' id='word_1_154' title='bbox 436 1112 514 1159; x_wconf 85' lang='lat' dir='ltr'>Cn.</span> <span class='ocrx_word' id='word_1_155' title='bbox 531 1113 779 1167; x_wconf 86' lang='lat' dir='ltr'>Pompeium</span> <span class='ocrx_word' id='word_1_156' title='bbox 800 1114 1129 1164; x_wconf 77' lang='lat' dir='ltr'>interficiendum</span> <span class='ocrx_word' id='word_1_157' title='bbox 1151 1112 1365 1157; x_wconf 61' lang='lat' dir='ltr'>collocarat</span> <span class='ocrx_word' id='word_1_158' title='bbox 1383 1133 1396 1166; x_wconf 89' lang='lat'>;</span> <span class='ocrx_word' id='word_1_159' title='bbox 1427 1127 1586 1160; x_wconf 83' lang='lat' dir='ltr'>extorta</span> <span class='ocrx_word' id='word_1_160' title='bbox 1603 1132 1663 1162; x_wconf 88' lang='lat' dir='ltr'>est</span> 
     </span>
     <span class='ocr_line' id='line_1_21' title="bbox 132 1170 1661 1229; baseline 0.004 -16"><span class='ocrx_word' id='word_1_161' title='bbox 132 1171 347 1218; x_wconf 78' lang='lat' dir='ltr'>confitenti</span> <span class='ocrx_word' id='word_1_162' title='bbox 384 1172 463 1212; x_wconf 82' lang='lat' dir='ltr'>sica</span> <span class='ocrx_word' id='word_1_163' title='bbox 497 1171 549 1212; x_wconf 89' lang='lat' dir='ltr'>de</span> <span class='ocrx_word' id='word_1_164' title='bbox 588 1172 801 1222; x_wconf 77' lang='lat' dir='ltr'>manibus3</span> <span class='ocrx_word' id='word_1_165' title='bbox 833 1172 961 1220; x_wconf 76' lang='lat' dir='ltr'>caruit</span> <span class='ocrx_word' id='word_1_166' title='bbox 995 1171 1086 1212; x_wconf 85' lang='lat' dir='ltr'>foro</span> <span class='ocrx_word' id='word_1_167' title='bbox 1121 1170 1260 1226; x_wconf 67' lang='lat' dir='ltr'>postea</span> <span class='ocrx_word' id='word_1_168' title='bbox 1279 1172 1511 1229; x_wconf 69' lang='lat' dir='ltr'>Pompeiae,</span> <span class='ocrx_word' id='word_1_169' title='bbox 1532 1178 1661 1219; x_wconf 84' lang='lat' dir='ltr'>caruit</span> 
     </span>
     <span class='ocr_line' id='line_1_22' title="bbox 130 1227 1660 1290; baseline 0.004 -21"><span class='ocrx_word' id='word_1_170' title='bbox 130 1227 302 1280; x_wconf 69' lang='lat' dir='ltr'>Senatu,</span> <span class='ocrx_word' id='word_1_171' title='bbox 337 1229 464 1270; x_wconf 75' lang='lat' dir='ltr'>caruit</span> <span class='ocrx_word' id='word_1_172' title='bbox 495 1228 684 1283; x_wconf 81' lang='lat' dir='ltr'>publico;</span> <span class='ocrx_word' id='word_1_173' title='bbox 709 1227 835 1281; x_wconf 62' lang='lat' dir='ltr'>janua</span> <span class='ocrx_word' id='word_1_174' title='bbox 865 1244 906 1271; x_wconf 88' lang='lat' dir='ltr'>se</span> <span class='ocrx_word' id='word_1_175' title='bbox 938 1244 982 1270; x_wconf 83' lang='lat' dir='ltr'>ac</span> <span class='ocrx_word' id='word_1_176' title='bbox 1016 1230 1248 1284; x_wconf 81' lang='lat' dir='ltr'>parietibus,</span> <span class='ocrx_word' id='word_1_177' title='bbox 1282 1245 1366 1272; x_wconf 86' lang='lat' dir='ltr'>non</span> <span class='ocrx_word' id='word_1_178' title='bbox 1394 1232 1488 1284; x_wconf 85' lang='lat' dir='ltr'>jure</span> <span class='ocrx_word' id='word_1_179' title='bbox 1521 1234 1660 1290; x_wconf 89' lang='lat' dir='ltr'>legum</span> 
     </span>
     <span class='ocr_line' id='line_1_23' title="bbox 124 1286 1660 1345; baseline 0.005 -19"><span class='ocrx_word' id='word_1_180' title='bbox 124 1286 458 1340; x_wconf 84' lang='lat' dir='ltr'>judiciorumque</span> <span class='ocrx_word' id='word_1_181' title='bbox 505 1286 620 1327; x_wconf 72' lang='lat' dir='ltr'>texit.</span> <span class='ocrx_word' id='word_1_182' title='bbox 679 1287 794 1327; x_wconf 88' lang='lat' dir='ltr'>Num</span> <span class='ocrx_word' id='word_1_183' title='bbox 835 1302 926 1341; x_wconf 85' lang='lat' dir='ltr'>quae</span> <span class='ocrx_word' id='word_1_184' title='bbox 972 1288 1130 1342; x_wconf 87' lang='lat' dir='ltr'>rogatio</span> <span class='ocrx_word' id='word_1_185' title='bbox 1159 1286 1268 1329; x_wconf 79' lang='lat' dir='ltr'>lata?</span> <span class='ocrx_word' id='word_1_186' title='bbox 1299 1303 1401 1329; x_wconf 88' lang='lat' dir='ltr'>num</span> <span class='ocrx_word' id='word_1_187' title='bbox 1431 1305 1523 1345; x_wconf 85' lang='lat' dir='ltr'>quae</span> <span class='ocrx_word' id='word_1_188' title='bbox 1554 1306 1660 1343; x_wconf 84' lang='lat' dir='ltr'>nova</span> 
     </span>
     <span class='ocr_line' id='line_1_24' title="bbox 129 1342 1730 1404; baseline 0.004 -20"><span class='ocrx_word' id='word_1_189' title='bbox 129 1345 303 1398; x_wconf 85' lang='lat' dir='ltr'>quaestio</span> <span class='ocrx_word' id='word_1_190' title='bbox 334 1344 498 1385; x_wconf 77' lang='lat' dir='ltr'>decreta</span> <span class='ocrx_word' id='word_1_191' title='bbox 532 1342 622 1385; x_wconf 88' lang='lat' dir='ltr'>est?</span> <span class='ocrx_word' id='word_1_192' title='bbox 654 1345 766 1399; x_wconf 83' lang='lat' dir='ltr'>atqui</span> <span class='ocrx_word' id='word_1_193' title='bbox 786 1345 818 1385; x_wconf 89' lang='lat' dir='ltr'>si</span> <span class='ocrx_word' id='word_1_194' title='bbox 838 1359 916 1394; x_wconf 87' lang='lat' dir='ltr'>res,</span> <span class='ocrx_word' id='word_1_195' title='bbox 937 1344 968 1385; x_wconf 92' lang='lat' dir='ltr'>si</span> <span class='ocrx_word' id='word_1_196' title='bbox 990 1346 1065 1394; x_wconf 87' lang='lat' dir='ltr'>vir,</span> <span class='ocrx_word' id='word_1_197' title='bbox 1083 1346 1118 1386; x_wconf 82' lang='lat' dir='ltr'>si</span> <span class='ocrx_word' id='word_1_198' title='bbox 1149 1356 1309 1401; x_wconf 84' lang='lat' dir='ltr'>tempus</span> <span class='ocrx_word' id='word_1_199' title='bbox 1337 1348 1465 1388; x_wconf 87' lang='lat' dir='ltr'>ullum</span> <span class='ocrx_word' id='word_1_200' title='bbox 1486 1349 1658 1404; x_wconf 90' lang='lat' dir='ltr'>dignum</span> <span class='ocrx_word' id='word_1_201' title='bbox 1676 1353 1730 1390; x_wconf 80' lang='lat'>45</span> 
     </span>
     <span class='ocr_line' id='line_1_25' title="bbox 128 1400 1659 1452; baseline 0.005 -11"><span class='ocrx_word' id='word_1_202' title='bbox 128 1400 223 1452; x_wconf 84' lang='lat' dir='ltr'>fuit,</span> <span class='ocrx_word' id='word_1_203' title='bbox 253 1403 363 1443; x_wconf 72' lang='lat' dir='ltr'>certe</span> <span class='ocrx_word' id='word_1_204' title='bbox 393 1402 480 1442; x_wconf 80' lang='lat' dir='ltr'>haec</span> <span class='ocrx_word' id='word_1_205' title='bbox 502 1401 544 1441; x_wconf 89' lang='lat' dir='ltr'>in</span> <span class='ocrx_word' id='word_1_206' title='bbox 575 1400 643 1441; x_wconf 71' lang='lat' dir='ltr'>illa</span> <span class='ocrx_word' id='word_1_207' title='bbox 673 1400 789 1443; x_wconf 65' lang='lat' dir='ltr'>causa</span> <span class='ocrx_word' id='word_1_208' title='bbox 808 1417 965 1443; x_wconf 87' lang='lat' dir='ltr'>summa</span> <span class='ocrx_word' id='word_1_209' title='bbox 997 1403 1134 1443; x_wconf 83' lang='lat' dir='ltr'>omnia</span> <span class='ocrx_word' id='word_1_210' title='bbox 1164 1402 1354 1446; x_wconf 83' lang='lat' dir='ltr'>fuerunt:</span> <span class='ocrx_word' id='word_1_211' title='bbox 1384 1405 1595 1447; x_wconf 85' lang='lat' dir='ltr'>insidiator</span> <span class='ocrx_word' id='word_1_212' title='bbox 1615 1422 1659 1449; x_wconf 87' lang='lat' dir='ltr'>e·-</span> 
     </span>
     <span class='ocr_line' id='line_1_26' title="bbox 127 1453 1658 1514; baseline 0.004 -15"><span class='ocrx_word' id='word_1_213' title='bbox 127 1469 191 1500; x_wconf 83' lang='lat' dir='ltr'>rat</span> <span class='ocrx_word' id='word_1_214' title='bbox 229 1460 274 1499; x_wconf 90' lang='lat' dir='ltr'>in</span> <span class='ocrx_word' id='word_1_215' title='bbox 308 1458 399 1500; x_wconf 87' lang='lat' dir='ltr'>foro</span> <span class='ocrx_word' id='word_1_216' title='bbox 430 1460 662 1508; x_wconf 86' lang='lat' dir='ltr'>collocatus,</span> <span class='ocrx_word' id='word_1_217' title='bbox 692 1470 812 1514; x_wconf 84' lang='lat' dir='ltr'>atque</span> <span class='ocrx_word' id='word_1_218' title='bbox 842 1460 884 1500; x_wconf 88' lang='lat' dir='ltr'>in</span> <span class='ocrx_word' id='word_1_219' title='bbox 915 1453 1113 1501; x_wconf 72' lang='lat' dir='ltr'>vestibi‘ilo</span> <span class='ocrx_word' id='word_1_220' title='bbox 1143 1460 1230 1514; x_wconf 85' lang='lat' dir='ltr'>ipso</span> <span class='ocrx_word' id='word_1_221' title='bbox 1272 1460 1466 1511; x_wconf 70' lang='lat' dir='ltr'>Senatus:</span> <span class='ocrx_word' id='word_1_222' title='bbox 1502 1464 1539 1504; x_wconf 89' lang='lat' dir='ltr'>ei</span> <span class='ocrx_word' id='word_1_223' title='bbox 1567 1464 1658 1506; x_wconf 86' lang='lat' dir='ltr'>viro</span> 
     </span>
     <span class='ocr_line' id='line_1_27' title="bbox 127 1515 1656 1571; baseline 0.004 -14"><span class='ocrx_word' id='word_1_224' title='bbox 127 1527 265 1557; x_wconf 86' lang='lat' dir='ltr'>autern</span> <span class='ocrx_word' id='word_1_225' title='bbox 296 1532 405 1558; x_wconf 88' lang='lat' dir='ltr'>mors</span> <span class='ocrx_word' id='word_1_226' title='bbox 434 1517 662 1571; x_wconf 76' lang='lat' dir='ltr'>parabatur,</span> <span class='ocrx_word' id='word_1_227' title='bbox 692 1517 803 1569; x_wconf 86' lang='lat' dir='ltr'>cujus</span> <span class='ocrx_word' id='word_1_228' title='bbox 832 1516 875 1557; x_wconf 93' lang='lat' dir='ltr'>in</span> <span class='ocrx_word' id='word_1_229' title='bbox 904 1515 987 1558; x_wconf 76' lang='lat' dir='ltr'>vit&#39;a</span> <span class='ocrx_word' id='word_1_230' title='bbox 1015 1518 1220 1559; x_wconf 78' lang='lat' dir='ltr'>nitebatur</span> <span class='ocrx_word' id='word_1_231' title='bbox 1249 1520 1351 1560; x_wconf 86' lang='lat' dir='ltr'>salus</span> <span class='ocrx_word' id='word_1_232' title='bbox 1381 1521 1575 1562; x_wconf 85' lang='lat' dir='ltr'>civitatis:</span> <span class='ocrx_word' id='word_1_233' title='bbox 1606 1537 1656 1563; x_wconf 89' lang='lat' dir='ltr'>eo</span> 
     </span>
     <span class='ocr_line' id='line_1_28' title="bbox 126 1571 1654 1629; baseline 0.003 -15"><span class='ocrx_word' id='word_1_234' title='bbox 126 1571 251 1628; x_wconf 70' lang='lat' dir='ltr'>porro</span> <span class='ocrx_word' id='word_1_235' title='bbox 271 1574 428 1629; x_wconf 82' lang='lat' dir='ltr'>reipub.</span> <span class='ocrx_word' id='word_1_236' title='bbox 451 1585 651 1628; x_wconf 86' lang='lat' dir='ltr'>ternpore,</span> <span class='ocrx_word' id='word_1_237' title='bbox 672 1589 753 1628; x_wconf 92' lang='lat' dir='ltr'>quo</span> <span class='ocrx_word' id='word_1_238' title='bbox 773 1575 805 1614; x_wconf 87' lang='lat' dir='ltr'>si</span> <span class='ocrx_word' id='word_1_239' title='bbox 826 1589 929 1623; x_wconf 89' lang='lat' dir='ltr'>unus</span> <span class='ocrx_word' id='word_1_240' title='bbox 949 1575 1016 1616; x_wconf 87' lang='lat' dir='ltr'>ille</span> <span class='ocrx_word' id='word_1_241' title='bbox 1049 1576 1275 1625; x_wconf 77' lang='lat' dir='ltr'>occidisset,</span> <span class='ocrx_word' id='word_1_242' title='bbox 1305 1591 1390 1618; x_wconf 88' lang='lat' dir='ltr'>non</span> <span class='ocrx_word' id='word_1_243' title='bbox 1411 1579 1499 1625; x_wconf 81' lang='lat' dir='ltr'>haec</span> <span class='ocrx_word' id='word_1_244' title='bbox 1519 1577 1654 1620; x_wconf 67' lang='lat' dir='ltr'>solum</span> 
     </span>
    </p>
   </div>
   <div class='ocr_carea' id='block_1_10' title="bbox 124 1631 1727 1690">
    <p class='ocr_par' dir='ltr' id='par_1_10' title="bbox 124 1631 1727 1690">
     <span class='ocr_line' id='line_1_29' title="bbox 124 1631 1727 1690; baseline 0.002 -18"><span class='ocrx_word' id='word_1_245' title='bbox 124 1631 278 1680; x_wconf 84' lang='lat' dir='ltr'>civitas,</span> <span class='ocrx_word' id='word_1_246' title='bbox 319 1632 389 1672; x_wconf 88' lang='lat' dir='ltr'>sed</span> <span class='ocrx_word' id='word_1_247' title='bbox 427 1642 568 1686; x_wconf 89' lang='lat' dir='ltr'>gentes</span> <span class='ocrx_word' id='word_1_248' title='bbox 597 1646 739 1672; x_wconf 86' lang='lat' dir='ltr'>omnes</span> <span class='ocrx_word' id='word_1_249' title='bbox 768 1631 1060 1681; x_wconf 82' lang='lat' dir='ltr'>concidissent;</span> <span class='ocrx_word' id='word_1_250' title='bbox 1094 1632 1169 1673; x_wconf 88' lang='lat' dir='ltr'>nisi</span> <span class='ocrx_word' id='word_1_251' title='bbox 1199 1631 1320 1683; x_wconf 65' lang='lat' dir='ltr'>forte,</span> <span class='ocrx_word' id='word_1_252' title='bbox 1351 1635 1450 1689; x_wconf 78' lang='lat' dir='ltr'>quia</span> <span class='ocrx_word' id='word_1_253' title='bbox 1474 1635 1654 1690; x_wconf 74' lang='lat' dir='ltr'>perfecta</span> <span class='ocrx_word' id='word_1_254' title='bbox 1672 1639 1727 1677; x_wconf 88' lang='lat'>50</span> 
     </span>
    </p>
   </div>
   <div class='ocr_carea' id='block_1_11' title="bbox 123 1686 1668 1802">
    <p class='ocr_par' dir='ltr' id='par_1_11' title="bbox 123 1686 1668 1802">
     <span class='ocr_line' id='line_1_30' title="bbox 123 1686 1668 1745; baseline 0.001 -16"><span class='ocrx_word' id='word_1_255' title='bbox 123 1703 188 1729; x_wconf 86' lang='lat' dir='ltr'>res</span> <span class='ocrx_word' id='word_1_256' title='bbox 217 1703 303 1730; x_wconf 87' lang='lat' dir='ltr'>non</span> <span class='ocrx_word' id='word_1_257' title='bbox 332 1699 406 1737; x_wconf 87' lang='lat' dir='ltr'>est,</span> <span class='ocrx_word' id='word_1_258' title='bbox 436 1703 522 1729; x_wconf 91' lang='lat' dir='ltr'>non</span> <span class='ocrx_word' id='word_1_259' title='bbox 560 1686 638 1729; x_wconf 89' lang='lat' dir='ltr'>fuit</span> <span class='ocrx_word' id='word_1_260' title='bbox 680 1689 911 1743; x_wconf 86' lang='lat' dir='ltr'>punienda:</span> <span class='ocrx_word' id='word_1_261' title='bbox 954 1690 1124 1744; x_wconf 84' lang='lat' dir='ltr'>perinde</span> <span class='ocrx_word' id='word_1_262' title='bbox 1169 1691 1281 1745; x_wconf 74' lang='lat' dir='ltr'>quasi</span> <span class='ocrx_word' id='word_1_263' title='bbox 1325 1703 1456 1739; x_wconf 81' lang='lat' dir='ltr'>exitus</span> <span class='ocrx_word' id='word_1_264' title='bbox 1498 1708 1668 1745; x_wconf 60' lang='lat' dir='ltr'>rerum,</span> 
     </span>
     <span class='ocr_line' id='line_1_31' title="bbox 123 1746 1652 1802; baseline 0.004 -16"><span class='ocrx_word' id='word_1_265' title='bbox 123 1760 209 1787; x_wconf 88' lang='lat' dir='ltr'>non</span> <span class='ocrx_word' id='word_1_266' title='bbox 248 1747 465 1788; x_wconf 86' lang='lat' dir='ltr'>hominum</span> <span class='ocrx_word' id='word_1_267' title='bbox 510 1746 676 1787; x_wconf 84' lang='lat' dir='ltr'>consilia</span> <span class='ocrx_word' id='word_1_268' title='bbox 718 1747 874 1802; x_wconf 85' lang='lat' dir='ltr'>legibus</span> <span class='ocrx_word' id='word_1_269' title='bbox 916 1747 1204 1797; x_wconf 79' lang='lat' dir='ltr'>vindicentur3</span> <span class='ocrx_word' id='word_1_270' title='bbox 1250 1747 1387 1790; x_wconf 70' lang='lat' dir='ltr'>minus</span> <span class='ocrx_word' id='word_1_271' title='bbox 1427 1751 1652 1801; x_wconf 77' lang='lat' dir='ltr'>dolendum</span> 
     </span>
    </p>
   </div>
   <div class='ocr_carea' id='block_1_12' title="bbox 122 1801 1652 1875">
    <p class='ocr_par' dir='ltr' id='par_1_12' title="bbox 122 1801 1652 1875">
     <span class='ocr_line' id='line_1_32' title="bbox 122 1801 1652 1875; baseline 0 -31"><span class='ocrx_word' id='word_1_272' title='bbox 122 1801 217 1856; x_wconf 82' lang='lat' dir='ltr'>fuit,</span> <span class='ocrx_word' id='word_1_273' title='bbox 243 1819 290 1848; x_wconf 76' lang='lat' dir='ltr'>re</span> <span class='ocrx_word' id='word_1_274' title='bbox 317 1819 404 1849; x_wconf 84' lang='lat' dir='ltr'>non</span> <span class='ocrx_word' id='word_1_275' title='bbox 432 1802 629 1859; x_wconf 50' lang='lat' dir='ltr'>perfecta,</span> <span class='ocrx_word' id='word_1_276' title='bbox 649 1803 720 1846; x_wconf 85' lang='lat' dir='ltr'>sed</span> <span class='ocrx_word' id='word_1_277' title='bbox 738 1805 996 1859; x_wconf 82' lang='lat' dir='ltr'>puniendum</span> <span class='ocrx_word' id='word_1_278' title='bbox 1025 1803 1134 1856; x_wconf 67' lang='lat' dir='ltr'>certe</span> <span class='ocrx_word' id='word_1_279' title='bbox 1163 1804 1295 1847; x_wconf 74' lang='lat' dir='ltr'>nihilo</span> <span class='ocrx_word' id='word_1_280' title='bbox 1324 1804 1652 1875; x_wconf 35' lang='lat' dir='ltr'>minusstuQ-</span> 
     </span>
    </p>
   </div>
   <div class='ocr_carea' id='block_1_13' title="bbox 114 2091 864 2484">
    <p class='ocr_par' dir='ltr' id='par_1_13' title="bbox 117 2091 864 2300">
     <span class='ocr_line' id='line_1_33' title="bbox 164 2091 864 2136; baseline -0.001 -12"><span class='ocrx_word' id='word_1_281' title='bbox 164 2094 215 2124; x_wconf 77' lang='lat'>27.</span> <span class='ocrx_word' id='word_1_282' title='bbox 232 2092 405 2132; x_wconf 58' lang='lat' dir='ltr'>Nisiforts</span> <span class='ocrx_word' id='word_1_283' title='bbox 419 2095 517 2135; x_wconf 68' lang='lat' dir='ltr'>magis</span> <span class='ocrx_word' id='word_1_284' title='bbox 529 2091 783 2136; x_wconf 54' lang='lat' dir='ltr'>erstparffdda]</span> <span class='ocrx_word' id='word_1_285' title='bbox 804 2092 864 2124; x_wconf 85' lang='lat' dir='ltr'>Lo·</span> 
     </span>
     <span class='ocr_line' id='line_1_34' title="bbox 119 2137 862 2177; baseline 0 -10"><span class='ocrx_word' id='word_1_286' title='bbox 119 2138 233 2177; x_wconf 86' lang='lat' dir='ltr'>quitur</span> <span class='ocrx_word' id='word_1_287' title='bbox 254 2137 367 2168; x_wconf 90' lang='lat' dir='ltr'>Cicero</span> <span class='ocrx_word' id='word_1_288' title='bbox 391 2146 428 2167; x_wconf 84' lang='lat' dir='ltr'>ex</span> <span class='ocrx_word' id='word_1_289' title='bbox 457 2146 565 2168; x_wconf 84' lang='lat' dir='ltr'>mente</span> <span class='ocrx_word' id='word_1_290' title='bbox 591 2140 785 2174; x_wconf 79' lang='lat' dir='ltr'>stoicorum,</span> <span class='ocrx_word' id='word_1_291' title='bbox 807 2137 862 2177; x_wconf 85' lang='lat' dir='ltr'>qui</span> 
     </span>
     <span class='ocr_line' id='line_1_35' title="bbox 118 2182 858 2221; baseline 0 -11"><span class='ocrx_word' id='word_1_292' title='bbox 118 2182 229 2211; x_wconf 87' lang='lat' dir='ltr'>omnia</span> <span class='ocrx_word' id='word_1_293' title='bbox 245 2188 374 2221; x_wconf 86' lang='lat' dir='ltr'>peccata</span> <span class='ocrx_word' id='word_1_294' title='bbox 384 2182 520 2220; x_wconf 83' lang='lat' dir='ltr'>aequalia</span> <span class='ocrx_word' id='word_1_295' title='bbox 532 2192 597 2212; x_wconf 85' lang='lat' dir='ltr'>esse</span> <span class='ocrx_word' id='word_1_296' title='bbox 613 2182 858 2212; x_wconf 83' lang='lat' dir='ltr'>contendebant.</span> 
     </span>
     <span class='ocr_line' id='line_1_36' title="bbox 117 2223 860 2264; baseline 0 -10"><span class='ocrx_word' id='word_1_297' title='bbox 117 2223 233 2264; x_wconf 84' lang='lat' dir='ltr'>Neque</span> <span class='ocrx_word' id='word_1_298' title='bbox 248 2226 336 2255; x_wconf 85' lang='lat' dir='ltr'>enim</span> <span class='ocrx_word' id='word_1_299' title='bbox 351 2234 388 2255; x_wconf 88' lang='lat' dir='ltr'>ea</span> <span class='ocrx_word' id='word_1_300' title='bbox 404 2234 442 2255; x_wconf 79' lang='lat' dir='ltr'>ex</span> <span class='ocrx_word' id='word_1_301' title='bbox 466 2235 572 2256; x_wconf 82' lang='lat' dir='ltr'>rerum</span> <span class='ocrx_word' id='word_1_302' title='bbox 595 2234 723 2262; x_wconf 85' lang='lat' dir='ltr'>eventu,</span> <span class='ocrx_word' id='word_1_303' title='bbox 747 2226 801 2256; x_wconf 85' lang='lat' dir='ltr'>sed</span> <span class='ocrx_word' id='word_1_304' title='bbox 822 2234 860 2255; x_wconf 84' lang='lat' dir='ltr'>ex</span> 
     </span>
     <span class='ocr_line' id='line_1_37' title="bbox 117 2267 632 2300; baseline 0.008 -4"><span class='ocrx_word' id='word_1_305' title='bbox 117 2267 202 2298; x_wconf 75' lang='lat' dir='ltr'>vitiis</span> <span class='ocrx_word' id='word_1_306' title='bbox 217 2268 390 2299; x_wconf 91' lang='lat' dir='ltr'>hominum</span> <span class='ocrx_word' id='word_1_307' title='bbox 408 2269 632 2300; x_wconf 77' lang='lat' dir='ltr'>metiebantur.</span> 
     </span>
    </p>

    <p class='ocr_par' dir='ltr' id='par_1_14' title="bbox 115 2311 859 2396">
     <span class='ocr_line' id='line_1_38' title="bbox 160 2311 859 2354; baseline 0.003 -13"><span class='ocrx_word' id='word_1_308' title='bbox 160 2312 212 2341; x_wconf 75' lang='lat'>29.</span> <span class='ocrx_word' id='word_1_309' title='bbox 227 2311 293 2342; x_wconf 77' lang='lat' dir='ltr'>Aut</span> <span class='ocrx_word' id='word_1_310' title='bbox 308 2314 340 2342; x_wconf 82' lang='grc' dir='ltr'>εᾶ</span> <span class='ocrx_word' id='word_1_311' title='bbox 352 2322 432 2342; x_wconf 70' lang='lat' dir='ltr'>mors</span> <span class='ocrx_word' id='word_1_312' title='bbox 446 2313 606 2351; x_wconf 61' lang='lat' dir='ltr'>atrocium]</span> <span class='ocrx_word' id='word_1_313' title='bbox 619 2311 766 2354; x_wconf 84' lang='lat' dir='ltr'>Objectio</span> <span class='ocrx_word' id='word_1_314' title='bbox 780 2311 859 2344; x_wconf 88' lang='lat' dir='ltr'>Clo-</span> 
     </span>
     <span class='ocr_line' id='line_1_39' title="bbox 115 2353 696 2396; baseline 0.003 -12"><span class='ocrx_word' id='word_1_315' title='bbox 115 2353 300 2394; x_wconf 79' lang='lat' dir='ltr'>dianorum,</span> <span class='ocrx_word' id='word_1_316' title='bbox 317 2365 417 2396; x_wconf 87' lang='lat' dir='ltr'>quam</span> <span class='ocrx_word' id='word_1_317' title='bbox 433 2356 549 2395; x_wconf 76' lang='lat' dir='ltr'>refutat</span> <span class='ocrx_word' id='word_1_318' title='bbox 563 2354 696 2388; x_wconf 76' lang='lat' dir='ltr'>ironice.</span> 
     </span>
    </p>

    <p class='ocr_par' dir='ltr' id='par_1_15' title="bbox 114 2397 856 2484">
     <span class='ocr_line' id='line_1_40' title="bbox 160 2397 856 2438; baseline 0.006 -12"><span class='ocrx_word' id='word_1_319' title='bbox 160 2399 210 2428; x_wconf 79' lang='lat'>30.</span> <span class='ocrx_word' id='word_1_320' title='bbox 221 2397 265 2428; x_wconf 81' lang='lat' dir='ltr'>In</span> <span class='ocrx_word' id='word_1_321' title='bbox 278 2399 507 2438; x_wconf 43' lang='lat' dir='ltr'>monumentis]</span> <span class='ocrx_word' id='word_1_322' title='bbox 534 2399 794 2431; x_wconf 85' lang='lat' dir='ltr'>Monumentum</span> <span class='ocrx_word' id='word_1_323' title='bbox 809 2399 856 2430; x_wconf 87' lang='lat' dir='ltr'>di-</span> 
     </span>
     <span class='ocr_line' id='line_1_41' title="bbox 114 2441 854 2484; baseline 0.004 -13"><span class='ocrx_word' id='word_1_324' title='bbox 114 2441 199 2472; x_wconf 81' lang='lat' dir='ltr'>citur</span> <span class='ocrx_word' id='word_1_325' title='bbox 212 2451 277 2472; x_wconf 77' lang='lat' dir='ltr'>non</span> <span class='ocrx_word' id='word_1_326' title='bbox 288 2441 416 2474; x_wconf 76' lang='lat' dir='ltr'>tantum</span> <span class='ocrx_word' id='word_1_327' title='bbox 427 2442 624 2484; x_wconf 82' lang='lat' dir='ltr'>sepulcrum,</span> <span class='ocrx_word' id='word_1_328' title='bbox 636 2445 689 2474; x_wconf 90' lang='lat' dir='ltr'>sed</span> <span class='ocrx_word' id='word_1_329' title='bbox 699 2441 854 2484; x_wconf 86' lang='lat' dir='ltr'>quicquid</span> 
     </span>
    </p>
   </div>
   <div class='ocr_carea' id='block_1_14' title="bbox 9 2481 854 2527">
    <p class='ocr_par' dir='ltr' id='par_1_16' title="bbox 9 2481 854 2527">
     <span class='ocr_line' id='line_1_42' title="bbox 9 2481 854 2527; baseline 0.005 -15"><span class='ocrx_word' id='word_1_330' title='bbox 9 2481 13 2494; x_wconf 94' lang='grc'>’</span> <span class='ocrx_word' id='word_1_331' title='bbox 71 2506 76 2512; x_wconf 95' lang='grc'><strong><em>.</em></strong></span> <span class='ocrx_word' id='word_1_332' title='bbox 113 2485 214 2517; x_wconf 81' lang='lat' dir='ltr'>etiam</span> <span class='ocrx_word' id='word_1_333' title='bbox 231 2485 271 2515; x_wconf 85' lang='lat' dir='ltr'>rei</span> <span class='ocrx_word' id='word_1_334' title='bbox 287 2485 425 2525; x_wconf 77' lang='lat' dir='ltr'>alicujus</span> <span class='ocrx_word' id='word_1_335' title='bbox 438 2488 662 2518; x_wconf 60' lang='lat' dir='ltr'>conservandae</span> <span class='ocrx_word' id='word_1_336' title='bbox 676 2484 775 2527; x_wconf 57' lang='lat' dir='ltr'>gratis</span> <span class='ocrx_word' id='word_1_337' title='bbox 799 2496 854 2524; x_wconf 61' lang='lat' dir='ltr'>ex-</span> 
     </span>
    </p>
   </div>
   <div class='ocr_carea' id='block_1_15' title="bbox 107 2529 856 2919">
    <p class='ocr_par' dir='ltr' id='par_1_17' title="bbox 109 2529 856 2701">
     <span class='ocr_line' id='line_1_43' title="bbox 113 2529 856 2562; baseline 0.003 -4"><span class='ocrx_word' id='word_1_338' title='bbox 113 2535 274 2559; x_wconf 80' lang='lat' dir='ltr'>structum</span> <span class='ocrx_word' id='word_1_339' title='bbox 290 2536 346 2561; x_wconf 83' lang='lat' dir='ltr'>est.</span> <span class='ocrx_word' id='word_1_340' title='bbox 393 2530 452 2561; x_wconf 83' lang='lat' dir='ltr'>Per</span> <span class='ocrx_word' id='word_1_341' title='bbox 479 2529 534 2560; x_wconf 87' lang='lat' dir='ltr'>illa</span> <span class='ocrx_word' id='word_1_342' title='bbox 549 2529 624 2562; x_wconf 76' lang='lat' dir='ltr'>vero</span> <span class='ocrx_word' id='word_1_343' title='bbox 642 2537 856 2562; x_wconf 88' lang='lat' dir='ltr'>monumenta</span> 
     </span>
     <span class='ocr_line' id='line_1_44' title="bbox 112 2572 854 2616; baseline 0.003 -14"><span class='ocrx_word' id='word_1_344' title='bbox 112 2572 253 2611; x_wconf 77' lang='lat' dir='ltr'>Appiam</span> <span class='ocrx_word' id='word_1_345' title='bbox 279 2573 367 2604; x_wconf 86' lang='lat' dir='ltr'>viam</span> <span class='ocrx_word' id='word_1_346' title='bbox 398 2573 556 2615; x_wconf 67' lang='lat' dir='ltr'>intelligit,</span> <span class='ocrx_word' id='word_1_347' title='bbox 591 2584 693 2616; x_wconf 89' lang='lat' dir='ltr'>quam</span> <span class='ocrx_word' id='word_1_348' title='bbox 726 2574 854 2615; x_wconf 88' lang='lat' dir='ltr'>Appius</span> 
     </span>
     <span class='ocr_line' id='line_1_45' title="bbox 111 2615 852 2657; baseline 0.003 -11"><span class='ocrx_word' id='word_1_349' title='bbox 111 2615 269 2652; x_wconf 81' lang='lat' dir='ltr'>Claudius</span> <span class='ocrx_word' id='word_1_350' title='bbox 285 2624 408 2655; x_wconf 77' lang='lat' dir='ltr'>censor,</span> <span class='ocrx_word' id='word_1_351' title='bbox 424 2617 481 2656; x_wconf 82' lang='lat' dir='ltr'>qui</span> <span class='ocrx_word' id='word_1_352' title='bbox 496 2615 604 2657; x_wconf 73' lang='lat' dir='ltr'>postea</span> <span class='ocrx_word' id='word_1_353' title='bbox 620 2618 731 2649; x_wconf 82' lang='lat' dir='ltr'>Caecus</span> <span class='ocrx_word' id='word_1_354' title='bbox 748 2618 852 2648; x_wconf 85' lang='lat' dir='ltr'>dictus</span> 
     </span>
     <span class='ocr_line' id='line_1_46' title="bbox 109 2660 712 2701; baseline 0 -12"><span class='ocrx_word' id='word_1_355' title='bbox 109 2665 171 2696; x_wconf 69' lang='lat' dir='ltr'>est,</span> <span class='ocrx_word' id='word_1_356' title='bbox 189 2660 346 2700; x_wconf 80' lang='lat' dir='ltr'>lapidibus</span> <span class='ocrx_word' id='word_1_357' title='bbox 359 2660 563 2691; x_wconf 76' lang='lat' dir='ltr'>sternendam</span> <span class='ocrx_word' id='word_1_358' title='bbox 580 2662 712 2701; x_wconf 71' lang='lat' dir='ltr'>curavit.</span> 
     </span>
    </p>

    <p class='ocr_par' dir='ltr' id='par_1_18' title="bbox 107 2702 849 2919">
     <span class='ocr_line' id='line_1_47' title="bbox 152 2702 849 2745; baseline 0.003 -11"><span class='ocrx_word' id='word_1_359' title='bbox 152 2703 205 2734; x_wconf 72' lang='lat'>34.</span> <span class='ocrx_word' id='word_1_360' title='bbox 223 2702 274 2739; x_wconf 79' lang='lat' dir='ltr'>M.</span> <span class='ocrx_word' id='word_1_361' title='bbox 305 2703 475 2744; x_wconf 71' lang='lat' dir='ltr'>Papirium</span> <span class='ocrx_word' id='word_1_362' title='bbox 496 2703 677 2744; x_wconf 75' lang='lat' dir='ltr'>occidisset]</span> <span class='ocrx_word' id='word_1_363' title='bbox 703 2704 849 2745; x_wconf 81' lang='lat' dir='ltr'>Tigranis</span> 
     </span>
     <span class='ocr_line' id='line_1_48' title="bbox 107 2743 849 2788; baseline 0.004 -13"><span class='ocrx_word' id='word_1_364' title='bbox 107 2743 195 2782; x_wconf 80' lang='lat' dir='ltr'>filius</span> <span class='ocrx_word' id='word_1_365' title='bbox 233 2747 347 2784; x_wconf 69' lang='lat' dir='ltr'>Romae</span> <span class='ocrx_word' id='word_1_366' title='bbox 383 2747 471 2788; x_wconf 78' lang='lat' dir='ltr'>apud</span> <span class='ocrx_word' id='word_1_367' title='bbox 500 2746 666 2788; x_wconf 76' lang='lat' dir='ltr'>Valerium</span> <span class='ocrx_word' id='word_1_368' title='bbox 696 2749 849 2787; x_wconf 83' lang='lat' dir='ltr'>Equitem</span> 
     </span>
     <span class='ocr_line' id='line_1_49' title="bbox 108 2788 847 2830; baseline 0 -8"><span class='ocrx_word' id='word_1_369' title='bbox 108 2789 297 2826; x_wconf 77' lang='lat' dir='ltr'>Romanum</span> <span class='ocrx_word' id='word_1_370' title='bbox 345 2790 538 2830; x_wconf 77' lang='lat' dir='ltr'>servabatur.</span> <span class='ocrx_word' id='word_1_371' title='bbox 584 2791 680 2822; x_wconf 75' lang='lat' dir='ltr'>Petiit</span> <span class='ocrx_word' id='word_1_372' title='bbox 713 2800 791 2822; x_wconf 89' lang='lat' dir='ltr'>eum</span> <span class='ocrx_word' id='word_1_373' title='bbox 828 2788 847 2829; x_wconf 65' lang='lat' dir='ltr'>a</span> 
     </span>
     <span class='ocr_line' id='line_1_50' title="bbox 107 2830 847 2874; baseline 0.004 -12"><span class='ocrx_word' id='word_1_374' title='bbox 107 2830 216 2868; x_wconf 65' lang='lat' dir='ltr'>Elavio</span> <span class='ocrx_word' id='word_1_375' title='bbox 254 2835 336 2869; x_wconf 87' lang='lat' dir='ltr'>inter</span> <span class='ocrx_word' id='word_1_376' title='bbox 372 2833 481 2873; x_wconf 75' lang='lat' dir='ltr'>epulas</span> <span class='ocrx_word' id='word_1_377' title='bbox 516 2833 649 2874; x_wconf 30' lang='lat' dir='ltr'>‘Clodius</span> <span class='ocrx_word' id='word_1_378' title='bbox 692 2835 847 2874; x_wconf 83' lang='lat' dir='ltr'>huncque</span> 
     </span>
     <span class='ocr_line' id='line_1_51' title="bbox 111 2874 845 2919; baseline 0.001 -11"><span class='ocrx_word' id='word_1_379' title='bbox 111 2874 232 2910; x_wconf 67' lang='lat' dir='ltr'>mtenis</span> <span class='ocrx_word' id='word_1_380' title='bbox 254 2877 362 2916; x_wconf 83' lang='lat' dir='ltr'>solvit,</span> <span class='ocrx_word' id='word_1_381' title='bbox 379 2886 415 2909; x_wconf 87' lang='lat' dir='ltr'>ac</span> <span class='ocrx_word' id='word_1_382' title='bbox 436 2877 515 2910; x_wconf 87' lang='lat' dir='ltr'>mari</span> <span class='ocrx_word' id='word_1_383' title='bbox 533 2877 711 2919; x_wconf 80' lang='lat' dir='ltr'>commisit,</span> <span class='ocrx_word' id='word_1_384' title='bbox 727 2878 782 2911; x_wconf 74' lang='lat' dir='ltr'>sed</span> <span class='ocrx_word' id='word_1_385' title='bbox 797 2886 845 2909; x_wconf 85' lang='lat' dir='ltr'>re·</span> 
     </span>
    </p>
   </div>
   <div class='ocr_carea' id='block_1_16' title="bbox 889 2092 1648 2967">
    <p class='ocr_par' dir='ltr' id='par_1_19' title="bbox 900 2092 1648 2394">
     <span class='ocr_line' id='line_1_52' title="bbox 909 2092 1648 2134; baseline 0.005 -10"><span class='ocrx_word' id='word_1_386' title='bbox 909 2092 993 2124; x_wconf 87' lang='lat' dir='ltr'>latus</span> <span class='ocrx_word' id='word_1_387' title='bbox 1015 2101 1063 2126; x_wconf 81' lang='lat' dir='ltr'>est</span> <span class='ocrx_word' id='word_1_388' title='bbox 1091 2099 1289 2134; x_wconf 82' lang='lat' dir='ltr'>tempestate.</span> <span class='ocrx_word' id='word_1_389' title='bbox 1336 2092 1424 2125; x_wconf 67' lang='lat' dir='ltr'>Cum</span> <span class='ocrx_word' id='word_1_390' title='bbox 1440 2094 1536 2134; x_wconf 78' lang='lat' dir='ltr'>igitur</span> <span class='ocrx_word' id='word_1_391' title='bbox 1551 2096 1648 2128; x_wconf 83' lang='lat' dir='ltr'>Sexto</span> 
     </span>
     <span class='ocr_line' id='line_1_53' title="bbox 907 2137 1648 2180; baseline 0.005 -13"><span class='ocrx_word' id='word_1_392' title='bbox 907 2137 1019 2168; x_wconf 87' lang='lat' dir='ltr'>Clodio</span> <span class='ocrx_word' id='word_1_393' title='bbox 1037 2138 1236 2169; x_wconf 80' lang='lat' dir='ltr'>reducendus</span> <span class='ocrx_word' id='word_1_394' title='bbox 1252 2138 1291 2168; x_wconf 79' lang='lat' dir='ltr'>ad</span> <span class='ocrx_word' id='word_1_395' title='bbox 1308 2139 1516 2178; x_wconf 84' lang='lat' dir='ltr'>Pompeium,</span> <span class='ocrx_word' id='word_1_396' title='bbox 1541 2139 1560 2169; x_wconf 76' lang='lat' dir='ltr'>a</span> <span class='ocrx_word' id='word_1_397' title='bbox 1581 2151 1648 2180; x_wconf 89' lang='lat' dir='ltr'>quo</span> 
     </span>
     <span class='ocr_line' id='line_1_54' title="bbox 904 2182 1644 2224; baseline 0.005 -14"><span class='ocrx_word' id='word_1_398' title='bbox 904 2183 1118 2220; x_wconf 78' lang='lat' dir='ltr'>repetebatur,</span> <span class='ocrx_word' id='word_1_399' title='bbox 1131 2182 1222 2212; x_wconf 86' lang='lat' dir='ltr'>datus</span> <span class='ocrx_word' id='word_1_400' title='bbox 1237 2189 1330 2219; x_wconf 88' lang='lat' dir='ltr'>esset,</span> <span class='ocrx_word' id='word_1_401' title='bbox 1348 2182 1475 2212; x_wconf 84' lang='lat' dir='ltr'>Flavius</span> <span class='ocrx_word' id='word_1_402' title='bbox 1486 2183 1524 2213; x_wconf 92' lang='lat' dir='ltr'>ad</span> <span class='ocrx_word' id='word_1_403' title='bbox 1537 2184 1644 2224; x_wconf 90' lang='lat' dir='ltr'>diripi-</span> 
     </span>
     <span class='ocr_line' id='line_1_55' title="bbox 903 2225 1642 2266; baseline 0.005 -12"><span class='ocrx_word' id='word_1_404' title='bbox 903 2225 1024 2256; x_wconf 88' lang='lat' dir='ltr'>endum</span> <span class='ocrx_word' id='word_1_405' title='bbox 1040 2227 1213 2265; x_wconf 77' lang='lat' dir='ltr'>Tigranem</span> <span class='ocrx_word' id='word_1_406' title='bbox 1230 2226 1390 2265; x_wconf 84' lang='lat' dir='ltr'>profectus</span> <span class='ocrx_word' id='word_1_407' title='bbox 1406 2231 1475 2264; x_wconf 79' lang='lat' dir='ltr'>est3</span> <span class='ocrx_word' id='word_1_408' title='bbox 1492 2227 1531 2256; x_wconf 91' lang='lat' dir='ltr'>ad</span> <span class='ocrx_word' id='word_1_409' title='bbox 1547 2237 1642 2266; x_wconf 86' lang='lat' dir='ltr'>quar-</span> 
     </span>
     <span class='ocr_line' id='line_1_56' title="bbox 903 2269 1642 2309; baseline 0.005 -12"><span class='ocrx_word' id='word_1_410' title='bbox 903 2273 975 2299; x_wconf 90' lang='lat' dir='ltr'>tum</span> <span class='ocrx_word' id='word_1_411' title='bbox 990 2270 1030 2300; x_wconf 93' lang='lat' dir='ltr'>ab</span> <span class='ocrx_word' id='word_1_412' title='bbox 1058 2270 1137 2299; x_wconf 87' lang='lat' dir='ltr'>urbe</span> <span class='ocrx_word' id='word_1_413' title='bbox 1166 2269 1308 2306; x_wconf 85' lang='lat' dir='ltr'>lapidem</span> <span class='ocrx_word' id='word_1_414' title='bbox 1338 2278 1446 2309; x_wconf 86' lang='lat' dir='ltr'>pugna</span> <span class='ocrx_word' id='word_1_415' title='bbox 1467 2271 1642 2301; x_wconf 86' lang='lat' dir='ltr'>commissa</span> 
     </span>
     <span class='ocr_line' id='line_1_57' title="bbox 900 2310 1642 2356; baseline 0.007 -16"><span class='ocrx_word' id='word_1_416' title='bbox 900 2318 960 2349; x_wconf 85' lang='lat' dir='ltr'>est,</span> <span class='ocrx_word' id='word_1_417' title='bbox 978 2313 1011 2344; x_wconf 87' lang='lat' dir='ltr'>in</span> <span class='ocrx_word' id='word_1_418' title='bbox 1033 2310 1094 2353; x_wconf 65' lang='lat' dir='ltr'>qui</span> <span class='ocrx_word' id='word_1_419' title='bbox 1110 2312 1254 2352; x_wconf 71' lang='lat' dir='ltr'>Papirius</span> <span class='ocrx_word' id='word_1_420' title='bbox 1273 2313 1382 2354; x_wconf 85' lang='lat' dir='ltr'>Eques</span> <span class='ocrx_word' id='word_1_421' title='bbox 1406 2312 1576 2344; x_wconf 81' lang='lat' dir='ltr'>Romanus</span> <span class='ocrx_word' id='word_1_422' title='bbox 1593 2315 1642 2356; x_wconf 70' lang='lat' dir='ltr'>in-</span> 
     </span>
     <span class='ocr_line' id='line_1_58' title="bbox 901 2356 1278 2394; baseline 0 -9"><span class='ocrx_word' id='word_1_423' title='bbox 901 2356 1052 2394; x_wconf 82' lang='lat' dir='ltr'>terfectus</span> <span class='ocrx_word' id='word_1_424' title='bbox 1065 2363 1120 2388; x_wconf 87' lang='lat' dir='ltr'>est.</span> <span class='ocrx_word' id='word_1_425' title='bbox 1165 2357 1278 2386; x_wconf 82' lang='lat' dir='ltr'>Ascon.</span> 
     </span>
    </p>

    <p class='ocr_par' dir='ltr' id='par_1_20' title="bbox 898 2398 1640 2516">
     <span class='ocr_line' id='line_1_59' title="bbox 943 2398 1640 2441; baseline 0 -10"><span class='ocrx_word' id='word_1_426' title='bbox 943 2399 995 2433; x_wconf 70' lang='lat'>39,</span> <span class='ocrx_word' id='word_1_427' title='bbox 1018 2398 1194 2441; x_wconf 74' lang='lat' dir='ltr'>Latronis.]</span> <span class='ocrx_word' id='word_1_428' title='bbox 1226 2399 1381 2431; x_wconf 90' lang='lat' dir='ltr'>Clodium</span> <span class='ocrx_word' id='word_1_429' title='bbox 1401 2398 1560 2431; x_wconf 80' lang='lat' dir='ltr'>latronem</span> <span class='ocrx_word' id='word_1_430' title='bbox 1581 2410 1640 2432; x_wconf 78' lang='lat' dir='ltr'>vo·</span> 
     </span>
     <span class='ocr_line' id='line_1_60' title="bbox 898 2443 1640 2486; baseline 0.004 -14"><span class='ocrx_word' id='word_1_431' title='bbox 898 2448 961 2479; x_wconf 81' lang='lat' dir='ltr'>cat,</span> <span class='ocrx_word' id='word_1_432' title='bbox 979 2444 1054 2484; x_wconf 89' lang='lat' dir='ltr'>quia</span> <span class='ocrx_word' id='word_1_433' title='bbox 1065 2454 1106 2475; x_wconf 79' lang='lat' dir='ltr'>ex</span> <span class='ocrx_word' id='word_1_434' title='bbox 1116 2443 1289 2484; x_wconf 84' lang='lat' dir='ltr'>improviso</span> <span class='ocrx_word' id='word_1_435' title='bbox 1305 2443 1465 2475; x_wconf 85' lang='lat' dir='ltr'>Milonem</span> <span class='ocrx_word' id='word_1_436' title='bbox 1476 2453 1640 2486; x_wconf 80' lang='lat' dir='ltr'>aggressus</span> 
     </span>
     <span class='ocr_line' id='line_1_61' title="bbox 899 2492 956 2516; baseline 0.018 -1"><span class='ocrx_word' id='word_1_437' title='bbox 899 2492 956 2516; x_wconf 85' lang='lat' dir='ltr'>est.</span> 
     </span>
    </p>

    <p class='ocr_par' dir='ltr' id='par_1_21' title="bbox 899 2528 1638 2615">
     <span class='ocr_line' id='line_1_62' title="bbox 942 2528 1638 2574; baseline 0.007 -15"><span class='ocrx_word' id='word_1_438' title='bbox 942 2529 995 2559; x_wconf 70' lang='lat'>40.</span> <span class='ocrx_word' id='word_1_439' title='bbox 1012 2528 1049 2560; x_wconf 83' lang='lat' dir='ltr'>In</span> <span class='ocrx_word' id='word_1_440' title='bbox 1066 2530 1179 2571; x_wconf 79' lang='lat' dir='ltr'>templo</span> <span class='ocrx_word' id='word_1_441' title='bbox 1197 2529 1362 2574; x_wconf 63' lang='lat' dir='ltr'>Castoris]</span> <span class='ocrx_word' id='word_1_442' title='bbox 1381 2531 1559 2570; x_wconf 79' lang='lat' dir='ltr'>Templum</span> <span class='ocrx_word' id='word_1_443' title='bbox 1575 2530 1638 2564; x_wconf 87' lang='lat' dir='ltr'>Ca·</span> 
     </span>
     <span class='ocr_line' id='line_1_63' title="bbox 899 2573 1526 2615; baseline 0 -11"><span class='ocrx_word' id='word_1_444' title='bbox 899 2574 990 2613; x_wconf 80' lang='lat' dir='ltr'>storis</span> <span class='ocrx_word' id='word_1_445' title='bbox 1006 2573 1074 2603; x_wconf 81' lang='lat' dir='ltr'>foro</span> <span class='ocrx_word' id='word_1_446' title='bbox 1089 2580 1120 2604; x_wconf 86' lang='lat' dir='ltr'>et</span> <span class='ocrx_word' id='word_1_447' title='bbox 1137 2575 1234 2604; x_wconf 84' lang='lat' dir='ltr'>curiae</span> <span class='ocrx_word' id='word_1_448' title='bbox 1251 2576 1439 2615; x_wconf 84' lang='lat' dir='ltr'>proximum</span> <span class='ocrx_word' id='word_1_449' title='bbox 1455 2575 1526 2605; x_wconf 79' lang='lat' dir='ltr'>fuit.</span> 
     </span>
    </p>

    <p class='ocr_par' dir='ltr' id='par_1_22' title="bbox 893 2615 1637 2744">
     <span class='ocr_line' id='line_1_64' title="bbox 939 2615 1636 2656; baseline 0.004 -8"><span class='ocrx_word' id='word_1_450' title='bbox 939 2617 993 2649; x_wconf 58' lang='lat'><strong>«¹41.</strong></span> <span class='ocrx_word' id='word_1_451' title='bbox 1007 2616 1143 2649; x_wconf 77' lang='lat' dir='ltr'>Exeorza</span> <span class='ocrx_word' id='word_1_452' title='bbox 1160 2623 1201 2648; x_wconf 78' lang='lat' dir='ltr'>est</span> <span class='ocrx_word' id='word_1_453' title='bbox 1215 2615 1369 2656; x_wconf 61' lang='lat' dir='ltr'>confitenti</span> <span class='ocrx_word' id='word_1_454' title='bbox 1381 2616 1466 2656; x_wconf 65' lang='lat' dir='ltr'>siem]</span> <span class='ocrx_word' id='word_1_455' title='bbox 1497 2619 1636 2651; x_wconf 88' lang='lat' dir='ltr'>Servum</span> 
     </span>
     <span class='ocr_line' id='line_1_65' title="bbox 897 2659 1637 2697; baseline 0.007 -7"><span class='ocrx_word' id='word_1_456' title='bbox 897 2659 1030 2691; x_wconf 87' lang='lat' dir='ltr'>Clodius</span> <span class='ocrx_word' id='word_1_457' title='bbox 1047 2661 1079 2690; x_wconf 92' lang='lat' dir='ltr'>in</span> <span class='ocrx_word' id='word_1_458' title='bbox 1097 2661 1216 2692; x_wconf 78' lang='lat' dir='ltr'>insidiis</span> <span class='ocrx_word' id='word_1_459' title='bbox 1232 2661 1456 2697; x_wconf 84' lang='lat' dir='ltr'>collocaverat,</span> <span class='ocrx_word' id='word_1_460' title='bbox 1483 2669 1520 2694; x_wconf 90' lang='lat' dir='ltr'>ut</span> <span class='ocrx_word' id='word_1_461' title='bbox 1537 2662 1637 2695; x_wconf 85' lang='lat' dir='ltr'>Pom·</span> 
     </span>
     <span class='ocr_line' id='line_1_66' title="bbox 893 2704 1222 2744; baseline -0.003 -10"><span class='ocrx_word' id='word_1_462' title='bbox 893 2704 1006 2744; x_wconf 86' lang='lat' dir='ltr'>peium</span> <span class='ocrx_word' id='word_1_463' title='bbox 1023 2704 1222 2735; x_wconf 83' lang='lat' dir='ltr'>interficeret.</span> 
     </span>
    </p>

    <p class='ocr_par' dir='ltr' id='par_1_23' title="bbox 889 2746 1637 2920">
     <span class='ocr_line' id='line_1_67' title="bbox 923 2746 1637 2792; baseline 0.008 -14"><span class='ocrx_word' id='word_1_464' title='bbox 923 2748 975 2778; x_wconf 68' lang='lat'>44.</span> <span class='ocrx_word' id='word_1_465' title='bbox 989 2748 1073 2778; x_wconf 68' lang='lat' dir='ltr'>Num</span> <span class='ocrx_word' id='word_1_466' title='bbox 1085 2758 1152 2786; x_wconf 79' lang='lat' dir='ltr'>quoe</span> <span class='ocrx_word' id='word_1_467' title='bbox 1161 2746 1464 2787; x_wconf 73' lang='lat' dir='ltr'>rogati0.]Clodium</span> <span class='ocrx_word' id='word_1_468' title='bbox 1477 2748 1509 2780; x_wconf 89' lang='lat' dir='ltr'>in</span> <span class='ocrx_word' id='word_1_469' title='bbox 1521 2750 1637 2792; x_wconf 83' lang='lat' dir='ltr'>odium</span> 
     </span>
     <span class='ocr_line' id='line_1_68' title="bbox 892 2791 1635 2836; baseline 0.008 -16"><span class='ocrx_word' id='word_1_470' title='bbox 892 2791 1016 2830; x_wconf 71' lang='lat' dir='ltr'>adduci,</span> <span class='ocrx_word' id='word_1_471' title='bbox 1030 2797 1061 2821; x_wconf 90' lang='lat' dir='ltr'>et</span> <span class='ocrx_word' id='word_1_472' title='bbox 1078 2800 1194 2823; x_wconf 87' lang='lat' dir='ltr'>novam</span> <span class='ocrx_word' id='word_1_473' title='bbox 1213 2791 1304 2822; x_wconf 85' lang='lat' dir='ltr'>illam</span> <span class='ocrx_word' id='word_1_474' title='bbox 1321 2792 1517 2833; x_wconf 85' lang='lat' dir='ltr'>rogationem</span> <span class='ocrx_word' id='word_1_475' title='bbox 1529 2795 1635 2836; x_wconf 81' lang='lat' dir='ltr'>arguit</span> 
     </span>
     <span class='ocr_line' id='line_1_69' title="bbox 891 2834 1634 2877; baseline 0.009 -14"><span class='ocrx_word' id='word_1_476' title='bbox 891 2834 1052 2874; x_wconf 79' lang='lat' dir='ltr'>exemplo,</span> <span class='ocrx_word' id='word_1_477' title='bbox 1067 2842 1097 2865; x_wconf 66' lang='lat' dir='ltr'>et</span> <span class='ocrx_word' id='word_1_478' title='bbox 1113 2834 1293 2874; x_wconf 80' lang='lat' dir='ltr'>amplificat</span> <span class='ocrx_word' id='word_1_479' title='bbox 1318 2836 1359 2876; x_wconf 59' lang='lat' dir='ltr'>ab</span> <span class='ocrx_word' id='word_1_480' title='bbox 1384 2836 1544 2877; x_wconf 79' lang='lat' dir='ltr'>adjunctis</span> <span class='ocrx_word' id='word_1_481' title='bbox 1568 2845 1600 2870; x_wconf 83' lang='lat' dir='ltr'>et</span> <span class='ocrx_word' id='word_1_482' title='bbox 1613 2837 1634 2870; x_wconf 64' lang='grc' dir='ltr'><strong><em>ἃ</em></strong></span> 
     </span>
     <span class='ocr_line' id='line_1_70' title="bbox 889 2874 1197 2920; baseline -0.006 -10"><span class='ocrx_word' id='word_1_483' title='bbox 889 2874 1025 2918; x_wconf 72' lang='grc' dir='ltr'>Ρςῐεοιιᾶ</span> <span class='ocrx_word' id='word_1_484' title='bbox 1042 2877 1197 2920; x_wconf 80' lang='lat' dir='ltr'>Pompeii.</span> 
     </span>
    </p>

    <p class='ocr_par' dir='ltr' id='par_1_24' title="bbox 1557 2934 1636 2967">
     <span class='ocr_line' id='line_1_71' title="bbox 1557 2934 1636 2967; baseline 0 -1"><span class='ocrx_word' id='word_1_485' title='bbox 1557 2934 1636 2967; x_wconf 66' lang='lat' dir='ltr'>UCS</span> 
     </span>
    </p>
   </div>
   <div class='ocr_carea' id='block_1_17' title="bbox 1667 150 1744 188">
    <p class='ocr_par' dir='ltr' id='par_1_25' title="bbox 1667 150 1744 188">
     <span class='ocr_line' id='line_1_72' title="bbox 1667 150 1744 188; baseline 0 0"><span class='ocrx_word' id='word_1_486' title='bbox 1667 150 1744 188; x_wconf 73' lang='lat'>311</span> 
     </span>
    </p>
   </div>
  </div>
 </body>
</html>
