1872 3140
409 133 479 177 IN
509 133 578 177 M.
609 130 956 177 ANTONIUM
988 129 1340 177 PHILIPPICA
1370 133 1431 175 II.
1672 140 1750 180 461
1808 156 1815 170 ι’

156 247 366 306 intelligis,
398 248 451 300 ei,
495 249 567 307 qui
599 248 678 292 isto
722 248 848 291 modo
884 247 1046 304 judicia
1089 264 1174 291 non
1214 248 1373 301 timeat,
1405 247 1504 305 quid
1536 247 1688 292 timen-

151 307 254 351 dum
286 307 370 349 sit?
424 307 553 350 Quod
596 307 629 349 si
659 322 745 349 non
775 306 924 359 metuis
955 306 1062 349 viros
1092 307 1230 358 fortes,
1263 304 1531 364 egregiosque
1562 307 1758 359 cive;,4o

150 364 261 421 quod
292 366 319 407 ἐι
347 379 519 420 corpore
557 374 629 409 tuo
675 364 947 420 prohibentur
987 363 1143 417 armis,
1195 363 1256 406 tui
1298 375 1352 416 te,
1397 364 1504 407 mihi
1552 364 1685 417 crede,

149 421 310 464 diutius
343 438 428 464 non
465 420 610 464 ferent.
671 423 782 466 Quae
810 431 871 463 est
892 431 1029 464 autem
1051 422 1148 473 vita,
1181 421 1266 464 dies
1294 432 1336 464 et
1367 431 1509 466 noctes
1543 421 1688 464 timere

149 481 177 527 ὲ.
207 479 323 521 suis?
377 479 457 522 nisi
489 482 584 523 vero
633 478 860 536 majoribus
904 478 1031 520 habes
1061 479 1271 526 beneficiis
1302 479 1522 537 obligatos,
1555 481 1688 536 quam
1737 503 1741 506 ·

148 535 216 584 ille
247 538 451 595 quosdam
487 537 633 580 habuit
668 552 715 579 ex
751 537 814 588 iis,
839 540 865 581 ὲ.
895 535 1047 593 quibus
1076 546 1138 578 est
1169 536 1414 581 interfectus
1475 541 1548 581 An
1579 548 1624 580 tu
1644 554 1686 580 es

147 594 233 636 ulla
282 612 323 637 re
372 611 470 637 cum
508 610 556 636 eo
601 595 934 650 comparandus?
988 593 1066 635 fuit
1105 593 1148 636 in
1189 593 1258 635 illo
1292 595 1522 651 ingenium,
1565 595 1682 649 ratio,
1701 605 1755 639 45

145 654 364 705 memoria,
416 653 560 704 literae,
611 667 723 703 cura,
771 651 983 708 cog-itanc,
1034 651 1271 708 diligentia:
1325 667 1386 693 res
1437 653 1542 695 bello
1590 669 1684 710 ges-

147 722 265 762 serat,
299 711 487 770 quamvis
519 709 757 768 reipublicae
794 709 1070 761 calamitosas,
1112 718 1293 751 attamen
1329 725 1532 767 magnas:
1567 712 1681 758 mul-

148 777 210 810 tos
251 784 382 810 annos
422 782 586 825 regnare
636 767 871 819 meditatus,
923 782 1077 828 magno
1122 766 1276 819 labore,
1302 769 1485 827 ‚magnis
1521 769 1685 824 pericu-

146 825 211 876 lis,
273 827 384 883 quod
442 826 655 880 cogitaret,
718 824 925 866 effecerat:
988 824 1246 876 muneribus,
1309 825 1323 848 '³
1380 825 1683 879 monumentis,

148 883 386 940 congiariis,
436 877 583 940 epuliS,
640 882 954 925 multitudinem
1001 882 1235 938 imperitam
1289 881 1535 926 delenierat:
1590 900 1685 927 suos
1702 895 1757 928 50

148 941 346 997 praemiis,
398 941 644 983 adversarios
694 947 708 964 ⁶
758 939 991 981 clementiae
1041 940 1176 996 specie
1223 939 1475 983 devinxerat.
1567 942 1684 986 Quid

148 998 308 1040 multa?
343 999 530 1040 attulerat
564 999 648 1054 jam
684 997 824 1039 liberae
860 997 1029 1048 civitati,
1069 998 1218 1054 partim
1251 1008 1382 1050 metu,
1420 998 1570 1054 partim
1609 1015 1684 1055 pa-

149 1055 309 1107 tientia,
344 1055 688 1098 consuetudinem
725 1054 942 1097 serviendi.
1004 1055 1116 1097 Cum
1153 1054 1223 1096 illo
1258 1070 1334 1112 ego
1370 1065 1407 1096 te
1441 1057 1686 1100 dominandi

148 1114 371 1171 cupiditate
406 1113 590 1155 conferre
624 1127 821 1169 possum:
856 1111 1013 1154 caeteris
1044 1114 1140 1155 vero
1175 1113 1295 1155 rebus
1334 1113 1450 1154 nullo
1485 1114 1611 1156 modo
1642 1131 1683 1157 es

146 1172 464 1227 comparandus.
525 1171 604 1213 Sed
638 1186 687 1212 ex
721 1171 910 1226 plurimis
940 1170 1076 1222 malis,
1097 1186 1206 1227 ,quae
1242 1171 1292 1212 ab
1334 1170 1404 1212 illo
1445 1172 1683 1227 reipublicae
1702 1180 1753 1216 55

145 1238 243 1271 sunt
271 1231 287 1257 ‘¹
325 1228 474 1280 inusta,
517 1229 597 1270 hoc
628 1238 768 1270 tamen
808 1228 906 1270 boni
947 1237 1022 1279 est,
1062 1229 1174 1285 quud
1211 1227 1354 1271 didicit
1376 1229 1466 1285 jam
1505 1231 1682 1285 populus

145 1288 375 1339 Romanus,
409 1296 614 1344 qnantum
647 1287 797 1343 cuique
836 1286 1030 1338 crederet,
1072 1286 1224 1342 quibus
1256 1301 1298 1327 se
1329 1287 1621 1340 committeret,
1657 1291 1684 1331 a

146 1345 299 1401 quibus
336 1354 508 1386 caveret.
570 1346 678 1386 Haec
710 1343 835 1401 igitur
874 1360 960 1385 non
997 1343 1183 1401 cogitas?
1221 1359 1296 1385 nec
1336 1343 1545 1402 intelligis,
1587 1346 1684 1388 satis

143 1418 230 1444 esse
262 1401 358 1444 viris
378 1402 553 1444 fortibus
575 1401 781 1453 didicisse,
806 1403 937 1458 quam
960 1400 1011 1442 sit
1033 1402 1331 1457 relpulchrum,
1366 1402 1568 1445 beneficio
1589 1419 1683 1460 gra-

147 1469 255 1512 tum,
280 1459 394 1501 fama
425 1460 668 1518 gloriosum,
701 1469 924 1516 tyrannum
960 1459 1175 1501 occidere?
1211 1475 1280 1512 an,
1320 1461 1421 1501 cum
1453 1460 1570 1502 illum
1603 1463 1680 1503 ho·
1700 1469 1755 1506 60

143 1517 278 1559 mines
313 1533 400 1559 uon
435 1516 618 1569 tulerint,
641 1526 679 1558 te
699 1516 864 1559 ferent?
896 1516 1082 1559 certatim
1118 1519 1308 1573 posthac,
1348 1518 1608 1571 mihicrede,
1629 1521 1679 1562 ad

132 1576 224 1622 ,hoc
244 1590 348 1631 opus
379 1587 578 1627 curretur,
602 1590 676 1616 nec
697 1575 925 1616 occasionis
946 1574 1112 1616 tarditas
1131 1574 1428 1631 expectabitur.
1489 1577 1678 1632 Respice,

141 1649 302 1690 quaeSO,
338 1633 561 1690 aliquando
596 1632 911 1689 rempublicam,
944 1634 1012 1675 M.
1052 1633 1242 1674 Antoni:
1273 1632 1425 1689 quibus
1456 1643 1568 1675 ortus
1607 1635 1678 1689 sis,

79 1690 85 1693 ’
142 1706 228 1732 non
251 1690 502 1747 quibuscum
525 1689 650 1742 vivas,
674 1690 912 1733 conside'ra:
945 1705 1129 1742 mecum,
1166 1700 1214 1732 ut
1233 1691 1341 1733 voles
1361 1707 1374 1744 3
1406 1706 1503 1733 cum
1525 1693 1677 1748 repub-

143 1748 222 1790 lica
258 1748 342 1790 redi
376 1748 418 1790 in
453 1748 643 1806 gratiam.
687 1748 782 1789 ‘Sed
806 1748 855 1790 de.
875 1758 912 1789 te
934 1757 976 1789 tu
998 1748 1083 1803 ipse
1102 1748 1247 1790 videris
1268 1765 1278 1789 :
1312 1764 1387 1806 ego
1408 1749 1456 1790 de
1486 1765 1554 1792 me
1588 1750 1677 1807 ipso
1697 1757 1752 1795 65

144 1806 391 1862 profitebor;
425 1806 586 1848 defendi
608 1805 908 1862 rempublicam
931 1805 1182 1858 adolescens,
1205 1821 1291 1847 non
1311 1807 1494 1849 deseram
1526 1823 1674 1851 senex:
1743 1805 1754 1817 '

143 1863 375 1919 contempsi
412 1864 608 1913 Catilinae
647 1863 839 1920 gssadiosss
859 1879 945 1905 non
978 1865 1264 1919 pertimescam
1297 1876 1415 1917 tuos;
1448 1865 1679 1921 quinetiam

143 1936 293 1977 corpus
314 1921 487 1963 libenter
503 1920 741 1970 obtulerim,
767 1920 798 1962 si
818 1929 833 1946 Ε
854 1922 1132 1977 repraesentari
1152 1932 1285 1963 morte
1315 1926 1410 1964 mcii
1431 1921 1592 1964 libertas
1616 1925 1677 1965 ci-

141 1978 276 2020 vitatis
297 1988 429 2034 potest
445 1995 458 2032 3
492 1989 538 2020 ut
554 1979 776 2036 aliquando
794 1979 909 2020 dolor
925 1979 1067 2036 populi
1088 1980 1267 2022 Romani
1289 1981 1416 2036 pariat
1435 1982 1545 2037 quod
1560 1982 1678 2039 jam-

141 2036 212 2078 diu
241 2037 428 2093 parturit.
490 2038 656 2079 Etenim
693 2036 725 2078 si
765 2036 918 2078 abhinc
950 2052 1080 2078 annos
1118 2040 1245 2094 prope
1285 2038 1430 2095 viginti
1469 2039 1551 2081 hoo
1590 2040 1681 2096 ipso
1699 2047 1752 2088 70

317 2255 334 2278 ¹³
353 2256 524 2308 αι’ζζβῖεἰίς.
631 2261 646 2278 ⁸
660 2255 844 2295 clementi&
855 2256 956 2304 field.
1064 2256 1080 2279 ‘¹
1094 2257 1211 2294 illata.
1320 2264 1335 2281 Ε
1352 2261 1502 2296 restitui,

184 2459 237 2486 41.
255 2458 311 2487 Tui
332 2457 386 2500 lev]
402 2457 474 2496 Ait,
493 2457 593 2498 quod,
611 2457 884 2499 quemadmodum
972 2459 1025 2490 50.
1045 2460 1240 2502 Congiaria]
1255 2461 1465 2505 Congiarium
1482 2473 1598 2496 munus
1610 2465 1674 2508 sig-

140 2500 179 2531 ab
197 2499 382 2533 hominibus
397 2502 508 2532 amicis
522 2510 553 2532 et
572 2501 779 2533 familiaribus
800 2504 884 2534 occi·
929 2503 1050 2542 nificat,
1068 2506 1154 2546 quod
1167 2505 1206 2536 ab
1223 2506 1414 2549 imperatore
1429 2508 1572 2540 dabatur.

141 2555 191 2575 su<
208 2552 254 2575 ezt
267 2546 386 2585 Caesar,
403 2546 448 2577 ita
461 2550 478 2577 εἰ
492 2546 554 2577 suis
570 2546 611 2578 sit
625 2548 790 2578 Antoniu;
801 2547 885 2579 occi-
975 2549 1026 2579 63.
1045 2550 1159 2580 senibus
1181 2555 1266 2580 ortus
1279 2551 1342 2589 sisu]
1362 2551 1488 2583 Habuit
1504 2553 1536 2584 in
1553 2552 1675 2585 familia

141 2589 274 2620 dendus.
931 2592 984 2623 M.
1008 2594 1170 2625 Antonius·
1188 2594 1279 2625 illum
1297 2596 1348 2625 M.
1366 2597 1547 2627 Antonium
1563 2606 1672 2629 orato-

184 2635 237 2662 44.
272 2634 419 2664 Quosdam
445 2632 570 2672 hahuit]
604 2634 710 2665 Caesar
739 2634 885 2676 pluribus
929 2646 996 2667 rem
1013 2637 1562 2680 celeberrimum,quiConffllatum
1573 2642 1671 2684 gessit

142 2676 304 2708 beneficiis
331 2677 448 2708 multoz
476 2688 513 2708 ex
537 2677 599 2708 suis
626 2678 883 2722 interfectoribus·
927 2691 1009 2711 anno
1026 2682 1114 2713 urbis
1131 2684 1202 2713 (554.
1223 2690 1255 2713 et
1273 2683 1389 2714 Caium
1406 2685 1602 2724 Antonium,
1617 2687 1673 2728 qui

140 2721 300 2757 affecerat,
336 2721 495 2763 precipui:
529 2721 700 2753 Decimum
733 2723 883 2761 Brutum,
927 2735 1000 2756 cum
1017 2726 1173 2757 Cicerone
1188 2726 1308 2758 Consul
1324 2727 1396 2759 fuit.

139 2776 236 2807 quem
251 2765 284 2796 in
301 2765 444 2796 secundis
456 2764 637 2797 haeredibus
652 2767 882 2799 nominaverat.
972 2770 1022 2799 09.
1038 2771 1145 2800 Paria!
1156 2772 1235 2810 quod
1247 2772 1365 2809 jamdiu
1378 2773 1538 2816 partui-in]
1557 2774 1673 2806 Parere

141 2810 270 2841 Marcus
294 2813 369 2842 vcro
396 2810 516 2841 Brutus
544 2808 629 2841 filius
653 2811 882 2852 ejus'creditus
927 2812 1043 2843 dicitur
1059 2814 1398 2856 quifoemminlucem
1410 2817 1495 2856 edit;
1519 2820 1676 2860 parturire

140 2853 253 2889 [uerat.
929 2858 1018 2893 vero,
1036 2859 1090 2898 qui
1114 2869 1223 2901 parere
1236 2860 1403 2891 desiderat.

156 2935 170 2954 x
1635 2905 1679 2951 ΞΠ
