1872 3140
663 157 746 199 DE
775 153 1138 199 SENECTUTE.
1624 164 1707 204 519

114 270 209 312 dam
230 270 425 311 senectuti
446 270 634 326 gratiam,
659 285 752 326 quae
774 270 962 320 efficeret,
985 276 1029 309 ut
1061 267 1100 310 id
1131 282 1217 310 non
1239 265 1396 318 liberet,
1417 268 1526 323 quod
1549 283 1634 311 non

113 336 340 382 oporteret;
374 327 546 383 impedit
575 327 687 368 enim
720 326 941 368 consilium
972 325 1174 380 voluptas,
1201 323 1345 366 rationi
1366 323 1536 366 inimica
1556 337 1630 377 est,

112 398 160 425 ac
188 384 353 435 mentis,
376 394 421 426 ut
450 384 603 435 dicam,
640 383 891 439 praestringit
924 382 1083 432 oculos,
1111 396 1188 423 nec
1220 382 1343 423 habet
1373 381 1503 426 ullum
1536 390 1699 426 et111135

111 440 257 482 virtute
289 441 603 483 commercium.
667 439 824 481 Invitus
855 438 1023 496 quidem
1056 438 1149 490 feci,
1172 447 1219 480 ut
1253 438 1464 480 fortissimi
1490 438 1563 480 viri
1583 441 1630 481 T.

115 496 339 540 Flaminini
361 498 523 540 fratrem
545 498 590 539 L.
608 497 893 540 Flamininum
913 499 935 537 ὸ
960 495 1106 537 Senatu
1128 495 1314 552 ejicerem
1337 505 1492 550 septem
1509 510 1638 538 annos

112 556 205 609 post
225 556 351 612 quam
385 554 543 597 Consul
575 554 740 597 fuisset:
775 553 843 595 sed
864 553 1088 595 notandam
1111 554 1249 608 putavi
1271 552 1501 595 libidinem.
1563 554 1638 596 Ille

111 611 224 654 enim
243 615 339 654 cum
359 621 462 654 esset
478 611 637 654 Consul
654 610 696 652 in
715 610 866 661 Gallia,
885 619 1072 651 exoratus
1090 610 1132 650 in
1149 609 1337 652 convivio
1359 611 1383 651 Ξι
1405 619 1537 652 scorto
1558 622 1634 664 est,

111 679 159 710 ut
195 669 326 711 securi
356 669 488 711 feriret
515 669 695 725 aliquem
725 682 886 717 eorum,
907 667 977 723 qui
1001 667 1042 708 in
1063 667 1210 708 vinclis
1227 667 1555 710 es<entda111nati
1580 669 1632 711 rei
1651 677 1708 710 40

113 726 296 782 capitalis
316 742 326 767 :
360 725 428 768 hic
458 726 554 768 Tito
574 727 693 767 tratre
710 740 784 766 suo
803 725 1001 776 Censor-e,
1025 725 1095 780 qui
1114 724 1323 780 proximus
1344 736 1436 766 ante
1458 740 1525 767 me
1545 725 1634 768 fue-

110 792 188 834 rat,
210 782 368 840 elapsus
388 793 448 824 est
466 799 475 824 z
508 782 613 824 mihi
627 784 722 825 vero
736 794 775 824 et
790 781 940 824 Flacco
957 781 1199 838 neutiquam
1213 781 1373 838 probari
1396 783 1529 837 potuit
1550 794 1635 826 tam

112 839 312 898 flagitiosa
331 850 370 882 et
389 849 472 882 tarn
493 840 647 895 perdita
665 839 810 892 libido,
833 854 926 896 quae
947 854 1046 881 cum
1066 839 1215 896 probro
1237 839 1391 896 privato
1412 840 1638 898 conjunge-

117 906 175 939 ret
191 896 351 952 imperii
374 898 560 939 dedecus.

169 955 298 997 XIII.
332 957 452 1011 Sat-pe
489 952 623 996 audivi
655 956 681 996 a
715 953 940 1010 majoribus
970 962 1086 1004 natu,
1124 953 1195 1010 qui
1227 968 1268 994 se
1303 956 1423 1010 porro
1454 959 1640 1010 puerosa

112 1010 279 1054 senibus
299 1012 473 1055 audiisse
493 1011 697 1062 dicebaut,
721 1012 857 1052 mirari
876 1009 1043 1052 solitum
1061 1011 1112 1052 C.
1133 1011 1386 1063 Fabricium,
1409 1012 1519 1068 quod
1537 1016 1640 1056 cum

112 1069 222 1123 apud
253 1084 389 1126 regem
435 1070 634 1126 Pyrrhum
667 1069 821 1125 legatus
861 1079 981 1118 esset,
1005 1068 1182 1109 audisset
1209 1071 1234 1109 ἰι
1252 1069 1452 1110 Thessalo
1475 1070 1638 1127 Cynea,

112 1140 200 1167 esse
236 1127 443 1183 quendam
477 1125 666 1176 Athenis,
701 1125 771 1182 qui
807 1141 848 1167 se
880 1124 1106 1179 sapientem
1142 1126 1420 1180 profiteretur:
1460 1141 1640 1184 eumque

111 1183 260 1235 dicere,
282 1183 424 1225 onmia
444 1199 539 1240 quae
556 1182 782 1225 faceremus
802 1182 850 1224 ad
873 1183 1124 1237 voluptatem
1154 1197 1241 1224 esse
1260 1181 1467 1225 referenda
1486 1200 1495 1224 :
1529 1187 1639 1242 quod
1659 1193 1681 1226 5

112 1255 161 1282 ex
181 1255 229 1281 eo
249 1240 474 1293 audientes,
495 1242 563 1282 M.
584 1240 760 1283 Curium
783 1249 822 1281 et
839 1241 890 1281 T.
922 1239 1238 1281 Coruncanium
1258 1249 1397 1295 optare
1416 1241 1572 1294 solitos,
1596 1254 1644 1286 ut

112 1297 154 1339 id
184 1298 460 1349 Samnitibus,
497 1297 656 1355 ipsique
689 1297 843 1354 Pyrrho
879 1296 1210 1352 persuaderetur:
1247 1300 1330 1354 quo
1362 1297 1526 1340 facilius
1547 1300 1640 1342 viu-

112 1354 152 1396 ci
182 1366 364 1411 possent,
404 1358 503 1397 cum
538 1370 580 1397 se
609 1354 888 1411 voluptatibus
918 1352 1134 1396 dedissent.
1194 1355 1370 1397 Vixerat
1394 1356 1463 1398 M.
1488 1356 1642 1400 Curius

113 1426 214 1455 cum
236 1411 282 1456 P.
302 1413 452 1464 Decio,
476 1412 546 1469 qui
571 1411 858 1469 quinquennio
880 1420 972 1453 ante
993 1426 1090 1452 eum
1123 1412 1352 1453 Consulem
1379 1427 1419 1454 se
1449 1428 1523 1468 pro
1555 1430 1640 1471 rep.

115 1478 261 1525 quarto
297 1470 531 1512 Consulatu
571 1471 799 1512 devoverat.
879 1470 1017 1511 Norat
1046 1468 1225 1510 eundem
1261 1468 1492 1521 Fabricius,
1523 1474 1644 1515 norat
1666 1479 1716 1513 10

114 1527 431 1580 Coruncanius;
465 1527 537 1585 qui
570 1530 671 1569 cum
701 1541 750 1568 ex
786 1527 862 1568 sua
887 1526 985 1577 vita,
1009 1535 1097 1567 tum
1121 1541 1168 1567 ex
1190 1526 1293 1583 ejus,
1317 1542 1442 1584 quem
1463 1528 1573 1582 dieo,
1599 1532 1639 1573 P.

112 1583 237 1627 Decii
254 1584 378 1636 facto,
393 1585 639 1642 judicabant
659 1598 744 1625 esse
771 1582 955 1640 profecto
983 1581 1138 1640 aliquid
1169 1588 1318 1627 natura
1337 1584 1557 1641 pulchrum
1577 1598 1642 1629 at-

116 1656 196 1698 que
225 1643 485 1698 praeclarum,
523 1642 633 1698 quod
664 1644 740 1683 sua
774 1650 919 1697 sponte
954 1649 1175 1697 peteretur:
1208 1642 1401 1698 quodque
1440 1647 1575 1700 spreta
1604 1654 1645 1687 et

115 1701 355 1756 contempta
379 1700 603 1755 voluptate,
622 1698 805 1754 optimus
823 1698 999 1756 quisque
1014 1708 1263 1754 sequeretur,
1321 1701 1538 1743 Quorsum
1560 1702 1641 1759 igi-

113 1765 181 1799 tur
199 1766 285 1799 tam
307 1757 438 1800 multa
457 1758 506 1798 de
528 1757 732 1812 voluptate
749 1757 762 1797 ?
799 1755 897 1813 quia
915 1770 1001 1797 non
1020 1756 1149 1798 modo
1164 1756 1404 1812 vituperatio
1422 1758 1551 1811 nulla,
1574 1760 1642 1802 sed
1667 1767 1714 1800 15

114 1812 241 1857 etiam
268 1829 436 1857 summa
462 1815 549 1856 laus
579 1812 798 1856 senectutis
820 1822 895 1865 est,
928 1813 1039 1869 quod
1067 1828 1114 1854 ea
1129 1813 1356 1869 voluptates
1375 1815 1507 1857 nullas
1524 1831 1645 1874 mag-

115 1873 267 1928 nopere
289 1872 486 1913 desiderat
506 1887 514 1913 t
549 1881 656 1913 caret
677 1870 822 1927 epulis,
843 1871 1122 1927 extructisque
1149 1870 1319 1923 mensis,
1350 1882 1390 1913 et
1416 1873 1643 1930 frequenti-

115 1928 195 1970 bus
226 1929 386 1985 poculis
405 1931 420 1970 ?
454 1938 562 1970 caret
589 1944 683 1985 ergo
718 1929 842 1970 etiam
862 1927 1104 1978 vinolenti-21,
1125 1937 1164 1970 et
1183 1928 1397 1981 cruditate,
1420 1939 1459 1972 et
1479 1931 1642 1973 insom-

115 1986 211 2028 niis.
272 1987 351 2028 Sed
385 1985 417 2027 si
448 1985 602 2041 aliquid
634 1985 818 2027 dandum
845 1995 903 2026 est
922 1984 1136 2040 voluptati,
1158 1985 1357 2042 quoniam
1378 1987 1465 2044 ejus
1485 1988 1647 2031 blandi-

115 2042 183 2085 tiis
204 2057 287 2084 non
309 2043 428 2085 facile
449 2043 704 2095 obsistimus,
741 2041 895 2090 (divine
917 2042 1029 2084 enim
1048 2042 1164 2085 Plato
1183 2057 1321 2085 escam
1341 2044 1546 2088 malorum
1565 2062 1638 2088 vo-
1663 2054 1719 2088 §30

117 2100 317 2156 luptatem
353 2101 542 2156 appellat,
573 2101 683 2157 quud
717 2102 765 2141 est
789 2099 978 2142 videlicet
1009 2100 1200 2142 homines
1235 2100 1461 2156 capiantur,
1484 2113 1530 2145 ut
1562 2105 1638 2146 ha-

115 2171 188 2198 mo
206 2158 386 2213 pisces),
420 2173 657 2214 quanquam
691 2157 971 2199 immoderatis
1003 2158 1134 2214 epulis
1165 2168 1297 2199 careat
1317 2164 1521 2212 senectus,
1547 2176 1641 2204 mo-

119 2214 222 2255 dicis
253 2225 390 2257 tamen
427 2215 625 2256 conviviis
650 2215 838 2257 delectari
871 2224 1018 2270 potest.
1081 2215 1129 2256 C.
1157 2215 1385 2268 Duillium,
1407 2218 1474 2260 M.
1493 2218 1644 2272 filium,

119 2272 191 2327 qui
210 2272 360 2314 Poenos
375 2274 500 2314 classe
514 2273 670 2327 primus
691 2271 906 2323 devicerat,
930 2272 1173 2314 redeuntem
1194 2275 1218 2314 a
1238 2276 1360 2315 coen-22
1380 2290 1520 2318 senem
1537 2291 1645 2333 saepe

118 2328 306 2385 videbam
340 2344 463 2384 puer:
498 2330 774 2371 delectabatur
807 2330 948 2371 crebro
979 2328 1124 2381 funali,
1159 2340 1199 2372 et
1229 2329 1415 2384 tibicine,
1448 2348 1542 2390 quae
1565 2334 1715 2377 sibiss

117 2386 233 2427 nullo
255 2386 446 2441 exemplo
479 2387 656 2441 privatus
691 2398 943 2442 sumpserat:
977 2396 1139 2429 tantum
1160 2386 1336 2429 licentiae
1358 2389 1481 2431 dabat
1500 2391 1644 2447 gloria.

119 2442 194 2484 Sed
215 2442 313 2498 quid
336 2458 411 2500 ego
433 2443 564 2484 alios?
601 2444 648 2484 ad
681 2444 888 2500 meipsum
918 2444 1009 2500 jam
1053 2453 1232 2487 revertar.
1294 2445 1482 2489 Primum
1517 2449 1644 2492 habui

120 2514 281 2556 semper
302 2501 456 2542 sodale<
477 2517 486 2541 z
521 2500 749 2542 sodalitates
781 2510 917 2543 autem
944 2516 1012 2543 me
1033 2503 1252 2545 Quaestore
1273 2503 1508 2546 constitutae
1529 2517 1644 2559 sunt,

120 2558 244 2598 sacris
266 2557 387 2599 Idaeis
423 2559 593 2614 Magnae
628 2557 777 2599 Matris
801 2558 980 2615 acceptis
1000 2575 1010 2600 ι
1043 2558 1237 2615 epulabar
1263 2559 1387 2616 igitur
1407 2577 1503 2603 cum
1526 2565 1646 2606 soda-

119 2614 229 2656 libus
249 2615 423 2656 omnino
445 2615 624 2665 modice,
659 2617 727 2658 sed
759 2626 842 2657 erat
879 2615 1048 2672 quit-lem
1077 2616 1208 2657 fervor
1242 2618 1400 2659 aetatis:
1436 2622 1519 2675 qua
1549 2636 1645 2676 pro·
1664 2629 1720 2663 30

119 2671 344 2728 grediente,
381 2672 522 2715 omnia
559 2672 658 2713 sient
706 2673 834 2715 indies
883 2672 1073 2715 mitiora:
1124 2688 1257 2729 neque
1301 2674 1415 2718 enim
1461 2671 1646 2732 ipsorum

122 2728 407 2772 conviviorum
444 2729 754 2772 delectationem
789 2729 1065 2785 voluptatibus
1104 2730 1288 2786 corporis
1323 2732 1470 2789 magis,
1517 2739 1645 2792 quam

122 2796 237 2828 coetu
277 2785 525 2838 amicorum,
558 2797 597 2828 et
626 2787 886 2829 sermonibus
925 2787 1154 2830 metiebar:
1191 2787 1293 2829 bene
1324 2790 1436 2831 enim
1470 2793 1646 2849 majores

120 2843 250 2887 nostri
276 2843 579 2888 accubitionem
611 2843 815 2899 epularem
852 2845 1099 2895 amicorum,
1133 2844 1230 2901 quia
1258 2845 1352 2889 vitae
1383 2849 1646 2902 conjunctio-

1553 2921 1649 2949 nell]

1862 2397 1872 2543 Q-mwr
