1872 3135
137 101 220 138 xxri
491 97 560 138 M.
591 97 798 139 TULLII
832 95 1154 139 CICERONIS
1184 96 1344 140 VITA.

138 209 311 250 domum
334 209 508 252 Caesaris
525 209 631 251 elain
653 210 822 264 ingredi,
845 209 1004 266 sibique
1025 219 1117 251 ante
1138 211 1237 251 lares
1264 211 1351 267 ejus
1381 224 1528 252 manus
1549 209 1721 261 inferre-3·

137 277 182 308 ut
200 267 240 306 111
264 267 392 321 patrici
409 281 535 323 quam
554 275 774 309 servaverat
795 277 1032 316 moreretur,
1054 277 1091 308 et
1115 267 1289 309 Caesaris
1324 267 1534 323 perfidiam
1564 279 1719 323 argue--v

137 333 214 373 ret,
230 325 255 364 a.
271 338 354 379 quo
377 334 458 365 tam
483 324 625 379 ignave
647 323 902 378 prodebatur.
963 325 1041 365 Sed
1070 325 1327 366 cruciatuum
1362 334 1475 374 metm
1501 326 1712 379 depulsus,

139 381 260 422 servis
282 396 322 421 se
341 382 389 421 ad
413 380 601 435 Caietam
621 380 918 434 deportandum
939 380 1102 436 navi9·io
1123 382 1348 432 commisit,
1371 381 1441 422 ubi
1463 381 1614 445 praedoia
1634 382 1710 423 ha-

138 437 276 479 bebat.
335 439 402 478 Ad
426 437 639 479 Ciceronis
660 451 823 487 navem,
841 452 936 494 quae
955 438 1004 477 ad
1023 437 1134 478 littus
1153 439 1446 493 appellebant),
1469 453 1580 480 corvi
1613 453 1714 480 con·

139 494 275 536 sertim
296 495 549 544 advolarunt,
572 505 692 550 atque
713 509 761 534 ex
782 497 954 551 utraque
971 504 1081 549 parte
1102 503 1292 535 anteunae
1323 495 1543 536 insidentes
1564 495 1713 559 partim

139 552 403 602 crocitarunt,
419 551 567 606 partim
582 551 800 592 rudentum
821 552 954 614 capita
971 566 1032 591 10
1020 551 1108 592 tris
1122 551 1388 593 tutuderunt.
1423 553 1537 615 quod·
1548 553 1715 609 signum

141 609 274 651 infau
281 620 367 649 tuni
385 608 580 649 omnibus
601 608 736 649 visum
755 617 829 649 est.
890 608 1039 651 Cicero
1058 617 1194 649 tamen
1214 623 1262 658 e<
1266 623 1396 650 ressus
1428 624 1469 649 111
1503 591 1641 650 villam
1671 623 1716 650 se

142 666 307 721 recepit,
338 677 379 706 et
411 665 539 722 quieti
573 680 614 706 se
641 665 779 707 dedit:
815 665 871 706 ibi
903 680 1118 707 corvorum
1145 681 1294 722 magni
1314 681 1402 721 pars
1424 665 1529 706 tristi
1547 680 1646 719 voce
1665 665 1715 708 ad

141 723 253 765 fene.
257 732 361 764 tram
395 723 557 774 assedit,
591 737 697 763 1111115
733 723 774 764 111
809 723 962 764 lectum
997 723 1071 764 dev
1077 723 1214 773 olavit,
1213 700 1277 764 Det
1298 732 1423 764 rostro
1445 732 1613 772 vestem,
1635 725 1720 786 quii.

142 780 289 822 Cieem
310 789 438 820 tectu
457 789 556 831 erat,
581 779 780 835 paulatim
813 779 862 821 ab
897 795 964 821 ore
1004 780 1129 843 ipsius
1165 781 1350 822 removit.
1410 780 1524 823 Servi
1555 795 1655 821 cum
1677 779 1716 822 id

144 837 336 894 Ρ1οἀκτ11
349 831 547 888 videient,
578 852 694 878 suam
723 852 838 894 wnax
846 853 927 878 13111
949 837 1006 892 ip
1013 853 1024 877 1
1044 838 1355 888 damnaverunt,
1378 838 1412 879 51
1430 836 1566 879 herilis
1594 836 1721 879 caedis'

142 903 385 951 spectatores
404 909 489 935 ese
510 874 768 945 sustinerent,
787 909 920 950 neque
942 894 1079 949 ipsum
1099 893 1387 935 defenderent:
1421 894 1570 958 partim
1596 893 1720 951 igitur

143 951 352 1008 precibus,
382 951 530 1008 partim
564 951 602 993 vi
623 952 722 1007 imp
714 951 866 993 >situm
886 952 1041 993 lecticae
1061 952 1108 993 ad
1130 966 1240 993 mare
1261 951 1520 993 detulerunt·
1553 931 1719 994 interim

145 1024 398 1065 percussores
419 1009 612 1049 advenere
632 1008 867 1050 Herennius
890 1008 1104 1059 Centurio,
1128 1020 1168 1050 et
1189 1001 1370 1064 Popilius
1397 1008 1607 1050 Tribunus
1634 1008 1718 1050 mi-

143 1068 282 1117 litum,
306 1081 430 1122 quem
469 1065 671 1121 parricidii
706 1081 820 1107 reum
851 1065 1107 1107 defenderat:
1142 1081 1214 1122 qui
1249 1081 1324 1107 nec
1359 1080 1547 1129 unquam
1567 1080 1623 1117 re,
1641 1080 1719 1106 nec

143 1125 300 1166 verbo
287 1140 313 1166 3
334 1124 533 1166 Cicerone
554 1123 690 1174 1355511,
715 1124 793 1164 boc
815 1123 892 1165 sibi
914 1123 1076 1165 crudele
1100 1122 1324 1165 liberato-tis
1349 1137 1415 1164 5111
1451 1122 1724 1181 interficiendi

145 1197 299 1224 munus
318 1181 555 1222 Antonium
573 1190 788 1236 rogaverat

209 1241 463 1280 percussores
483 1253 581 1279 cum
603 1238 706 1278 teies
737 1238 892 1279 clausas
922 1237 1187 1288 invenissent,
1209 1252 1275 1279 eas
1294 1237 1566 1295 effregerunt3
1599 1239 1722 1280 cum-

128 1312 228 1354 ·que
251 1297 396 1337 Cicero
417 1310 500 1335 non
523 1304 747 1350 appareret,
764 1304 802 1336 et
823 1295 866 1345 ii,
887 1295 960 1351 qui
990 1296 1099 1336 intus
1130 1304 1259 1346 erant,
1289 1295 1362 1337 ubi
1393 1304 1510 1347 esset,
1547 1295 1649 1337 scire
1683 1309 1726 1337 Se

147 1357 379 1411 negassent,
403 1352 525 1394 fertur
546 1352 806 1408 philologum
827 1352 1036 1408 quendam
1054 1351 1206 1394 Quinti
1224 1352 1352 1395 fr-anie
1368 1352 1577 1404 libertum,
1599 1367 1724 1410 quem

149 1412 271 1454 bonis
307 1411 459 1452 artibus
491 1418 530 1450 et
563 1409 621 1450 dis
608 1410 819 1465 ciplinis‘
813 1425 896 1464 lpse
919 1410 1065 1451 Cicero
1087 1409 1328 1460 instituerat,
1351 1410 1538 1451 Tribuno
1559 1410 1724 1462 dinam,

149 1469 339 1511 lecticam
360 1482 429 1523 per
449 1467 656 1523 sylv-esties
677 1476 716 1507 et
736 1482 883 1522 opacas
904 1466 1205 1507 ambulationes
1222 1468 1269 1507 ad
1291 1482 1400 1508 mare
1421 1466 1581 1508 deferri.
1629 1468 1725 1516 Tri-

151 1527 288 1574 hunus
307 1527 416 1566 lecta.
437 1539 506 1579 pei
523 1525 685 1565 easdem
702 1539 933 1575 accurrens,
949 1524 1197 1565 Ciceronem
1217 1533 1278 1564 est
1296 1534 1537 1580 assequutus
1550 1540 1568 1576 3
1600 1534 1639 1566 at
1655 1524 1730 1567 ubi

153 1584 273 1627 illum
292 1583 406 1632 vidit,
425 1581 570 1624 Cicero
594 1596 726 1622 servos
748 1581 936 1622 lecticam
958 1581 1013 1621 ibi
1033 1581 1385 1644 deponerejussit‚
1402 1591 1442 1622 et
1462 1590 1623 1638 paratos
1642 1581 1726 1623 for-
1762 1597 1763 1600 ¹

154 1644 243 1684 titer
263 1650 301 1681 et
315 1639 482 1681 fideliter
498 1639 546 1680 ad
561 1638 859 1688 dimicandum,
877 1637 1034 1701 quietos
1055 1638 1139 1693 pati
1158 1638 1267 1694 quod
1290 1653 1374 1679 sors
1393 1638 1534 1695 iniqua
1552 1650 1728 1703 cogeret.

156 1701 270 1742 Cum
291 1696 466 1738 obsideri
487 1711 528 1736 se
544 1697 709 1737 armatis
729 1695 969 1737 hominibus
990 1695 1311 1750 circumspexit.
1344 1696 1434 1751 Ego
1454 1697 1550 1738 vert')
1568 1696 1728 1737 consis-

155 1767 214 1808 to,
245 1754 408 1811 iuquit:
441 1763 480 1804 et
517 1763 723 1803 mentum,
760 1764 804 1794 ut
840 1762 1117 1802 consueverat,
1148 1762 1334 1806 tangens,
1363 1752 1402 1793 in
1427 1753 1730 1809 percussoribus

154 1814 296 1856 oculos
313 1801 580 1853 constanterfi
590 1811 660 1859 xit,
678 1822 715 1851 ct
733 1819 845 1850 extra
860 1809 1047 1850 lecticam
1065 1824 1264 1850 cervicem
1280 1809 1498 1851 immotam
1515 1810 1729 1866 praebenti,

156 1881 279 1927 caput
299 1886 324 1911 3
345 1867 501 1924 Popilio
523 1868 741 1922 praecisum
761 1876 835 1917 est,
858 1882 955 1908 cum
976 1865 1183 1917 inanibus,
1221 1865 1371 1922 quibus
1403 1867 1650 1924 Philippicas
1687 1869 1731 1912 in

155 1927 394 1972 Antonium
427 1926 648 1981 scripserat.
710 1925 848 1988 Caput
869 1924 1004 1965 statim
1025 1925 1074 1965 ad
1095 1924 1332 1965 Antonium
1353 1925 1529 1966 Romani
1551 1925 1732 1968 delatum

156 1996 233 2037 est,
256 1984 363 2041 quod
387 1993 477 2039 post
498 1981 629 2023 multa
649 1981 794 2037 probra
815 1982 919 2022 inter
947 1982 1047 2022 duas
1075 1996 1222 2022 manus
1254 1981 1294 2023 in
1321 1982 1457 2023 rostiis
1489 1984 1642 2038 posuit,
1659 1983 1733 2026 ubi

156 2044 224 2087 ille
241 2041 418 2092 Consul,
435 2040 505 2081 ubi
523 2054 629 2093 saepe
645 2033 899 2090 Consularis,
917 2038 989 2080 ubi
1010 2038 1198 2080 defensor
1218 2039 1422 2081 bonorum
1439 2040 1644 2092 omnium,
1664 2055 1735 2096 pa-

159 2101 247 2144 triae
268 2113 426 2163 parcns,
449 2096 559 2138 urbis
580 2097 783 2147 liberator,
806 2105 846 2137 et
866 2106 1123 2138 0011501113101
1144 2096 1313 2148 civium,
1332 2099 1378 2138 ea
1397 2096 1643 2153 eloquentiae
1657 2099 1730 2140 ad-

159 2158 391 2207 miratione,
414 2157 496 2211 0113Α
511 2153 623 2195 nulla
642 2169 826 2210 unquam
848 2154 979 2210 major
999 2164 1091 2196 ante
1111 2169 1223 2206 eum,
1242 2153 1357 2196 nulla
1375 2164 1470 2210 post
1487 2170 1536 2196 er.
1538 2169 1598 2207 m,
1620 2155 1736 2198 audi-

158 2228 222 2258 tus
244 2225 318 2256 est.

1649 2841 1741 2884 IN-
