1872 3140
390 119 460 164 IN
489 119 559 163 M.
590 117 938 163 ANTONIUM
972 118 1322 163 PHILIPPICA
1355 120 1413 163 II.

1663 116 1747 166 43'5
1787 123 1790 126 ’

447 341 546 380 Quid
563 342 673 391 egerit
686 338 863 379 'Antonius
881 339 1156 395 insssagisterlo
1172 341 1354 392 Equitum.
1411 385 1415 390 ι

143 552 145 559 ·
184 534 242 577 Χ.
262 534 470 588 Accessit,
491 545 552 588 ut,
576 536 742 578 Caesare
763 534 923 592 ignaro,
945 536 1047 576 cum
1068 543 1172 575 esset
1202 532 1268 576 ille
1289 533 1573 587 Alexandriae,
1592 533 1667 576 be-

126 593 279 636 neficio
296 594 526 637 amicorum
549 593 636 651 ejus
657 593 860 650 Magister
880 592 1082 648 Equitum
1105 591 1422 634 constitueretur
1435 609 1447 643 3
1481 602 1571 634 tum
1592 607 1665 634 ex-

127 650 326 694 istimavit
361 666 402 693 se
434 666 508 694 suo
522 652 616 708 jure
636 665 734 693 cum
754 650 919 706 Hippia
939 649 1086 701 vivere,
1124 659 1163 690 et
1183 665 1311 707 equos
1332 650 1549 706 vectigales
1570 651 1667 692 Ser-

126 707 196 766 gio
217 709 351 752 mimo
388 710 541 751 tradere
555 724 568 761 3
601 716 692 750 ‘tum
723 707 922 749 sibi-non
946 709 1070 760 hanc,
1095 722 1221 764 quam
1245 723 1358 749 nunc
1379 708 1490 748 male
1511 718 1662 759 tuetur,

127 767 196 807 sed
216 768 280 809 M.
304 766 464 810 Pisonis
483 766 676 818 domum,
710 765 784 807 ubi
814 764 1032 817 habitaret,
1068 764 1229 823 legerat.

1289 765 1405 808 Quid
1439 780 1515 822 ego
1547 765 1665 807 istius

1690 775 1713 810 0¹

124 823 302 879 decreta,
322 825 421 881 quid
452 825 632 880 rapinas,
655 822 753 880 quid
776 822 1064 865 haereditatum
1085 822 1364 880 possessiones
1400 822 1530 875 datas,
1564 823 1665 880 quid

124 892 281 939 ereptas
308 883 548 938 proferam?
584 881 758 939 cogebat
787 890 968 938 egestas:
1003 883 1088 938 quo
1120 896 1161 922 se
1191 890 1391 932 verteret,
1410 892 1498 922 non
1531 882 1661 936 habe·

126 938 221 982 bat:
253 940 442 983 nondum
464 940 501 982 ei
521 950 635 982 tanta
655 941 680 981 a
698 939 747 980 L.
770 938 946 989 Rubrio,
977 953 1064 980 non
1094 940 1120 981 a
1153 940 1205 980 L.
1242 937 1430 995 Turselio
1451 937 1669 980 haereditas

125 1008 292 1040 venerat
309 995 544 1041 inondum
574 997 618 1039 in
650 997 734 1039 Cn.
758 995 945 1052 Pompeii
962 994 1456 1053 locum,‘multorumque
1475 995 1675 1047 aliorum,-

120 1054 201 1112 ‚qui
221 1056 404 1108 aberant,
427 1055 666 1112 repentinus
687 1055 818 1095 haeres
854 1062 1129 1096 successerat:
1162 1063 1260 1096 erat·
1281 1053 1317 1095 ei
1352 1054 1576 1096 vivendum
1605 1052 1667 1094 la-
1695 1066 1745 1101 10

129 1121 298 1156 tronum
319 1114 415 1166 ritu,
448 1122 494 1154 ut
524 1122 689 1155 tantum
720 1110 903 1164 haberet,
927 1122 1134 1168 quantum
1148 1126 1291 1177 rapere
1312 1111 1526 1168 potuisset.
1587 1111 1669 1153 Sed

128 1170 240 1222 haec,
273 1182 367 1228 quae
398 1169 638 1212 robustioris
667 1169 949 1226 improbitatis
977 1178 1089 1221 sunt,
1121 1179 1392 1211 omittamus:
1445 1169 1673 1228 loquamur

128 1227 268 1284 potius
290 1229 348 1270 de
368 1227 626 1285 nequissimo
641 1242 788 1285 genere
818 1227 1004 1270 levitatis

1064 1229 1133 1270 Tu
1162 1226 1249 1269 istis
1270 1227 1475 1280 faucibus,
1498 1228 1587 1270 istis
1607 1226 1668 1270 lass

125 1285 298 1338 teribus,
331 1285 412 1328 ista
441 1285 683 1343 gladiatoria
699 1285 839 1327 <totius
871 1282 1052 1341 corporis
1082 1285 1292 1337 firmitate,
1326 1294 1490 1327 tantum
1506 1285 1593 1327 vini
1625 1286 1669 1329 in

127 1343 304 1402 Hippiae
318 1344 475 1400 nuptiis
492 1344 752 1396 exhauseras,
768 1353 812 1384 ut
825 1342 900 1385 tibi
917 1343 1082 1385 necesse
1099 1353 1202 1384 esset
1215 1342 1258 1384 in
1272 1343 1416 1399 populi
1432 1344 1552 1386 Rom.
1569 1344 1670 1386 con-
1695 1353 1746 1406 ¹⁵,

127 1414 271 1456 spectu
294 1416 457 1444 vomere
479 1400 690 1457 postridie.

766 1401 806 1443 O
829 1415 916 1443 rem
937 1416 1021 1442 non
1040 1401 1169 1443 modo
1189 1400 1278 1442 visu
1300 1400 1477 1452 foedam,
1501 1401 1567 1442 sed
1588 1401 1672 1444 eti-v
1702 1412 1707 1422 ¹

126 1472 198 1500 am
216 1458 358 1501 auditu
380 1459 388 1500 !
424 1459 468 1502 Si
491 1459 597 1501 inter
618 1474 803 1510 coenam,
826 1459 872 1500 in
893 1458 991 1515 ipsis
1010 1459 1090 1501 tuis
1111 1467 1127 1485 ³
1145 1456 1402 1501 immanibus
1434 1459 1511 1501 illis
1533 1474 1666 1516 pocu—

125 1515 192 1568 lis,
234 1517 316 1560 hoc
350 1515 430 1559 tibi
461 1517 691 1569 accidisset,
724 1517 817 1574 quis
847 1532 933 1559 non
965 1527 1084 1572 turpe
1114 1516 1308 1559 duceret?
1352 1517 1395 1558 in
1428 1526 1542 1559 coetu
1574 1520 1675 1560 vero*

128 1574 273 1630 populi
306 1575 488 1618 Romani
516 1574 732 1632 negotium
761 1573 980 1630 publicum
1023 1589 1182 1632 gerens,
1213 1574 1418 1632 Magister
1446 1574 1668 1632 Equitum,

127 1632 195 1673 cui
226 1642 385 1674 ructare
415 1642 532 1689 turpe
563 1642 682 1685 esset,
714 1631 746 1674 is
778 1647 966 1684 vomens,
999 1631 1137 1675 frustis
1168 1631 1405 1685 esculentis,
1436 1631 1582 1674 vinum
1605 1647 1668 1674 re-
1691 1640 1748 1680 20

125 1689 378 1743 dolentibus,
425 1689 632 1747 gremium
681 1705 806 1732 suum
847 1699 887 1731 et
930 1700 1066 1732 totum
1111 1688 1292 1732 tribunal
1324 1689 1522 1746 implevit.

124 1748 209 1789 hoc
247 1747 334 1804 ipse
373 1747 520 1790 fatetur
555 1762 640 1789 esse
674 1747 718 1789 in
749 1747 832 1789 suis
865 1748 1078 1789 sordibus:

1587 1691 1671 1734 Sed

1112 1747 1325 1789 veniamus
1357 1748 1406 1790 ad
1438 1747 1667 1804 splendida.

127 1805 272 1847 Caesar
300 1805 598 1848 Alexandriam
630 1821 670 1847 se
702 1804 867 1861 recepit,
904 1805 1014 1858 felix,
1038 1814 1084 1847 ut
1114 1805 1193 1847 sibi
1225 1805 1394 1862 quidem
1425 1805 1669 1860 videbatur3

124 1864 220 1908 mea
241 1873 379 1907 autem
400 1864 618 1917 sententia,
642 1863 714 1921 qui
735 1863 973 1919 reipublicae
996 1862 1047 1905 sit
1068 1862 1231 1915 infelix,
1256 1862 1353 1905 felix
1376 1878 1462 1906 esse
1483 1879 1569 1907 non
1590 1879 1667 1922 po-

772 2018 773 2021 *
792 2011 808 2027 ²
828 2005 1035 2056 ingentibus.

174 2142 202 2174 1.
233 2142 350 2173 Caesare
379 2143 511 2185 ignara]
545 2141 630 2175 Cum
656 2141 874 2173 Pharsalicam

128 2186 296 2218 victoriam
317 2188 423 2219 Caesar
445 2186 660 2223 rettilis.:et,ad
673 2186 874 2217 annumDic-

126 2238 210 2262 tator
232 2239 356 2267 creatus
377 2241 437 2270 est,
460 2242 491 2263 et
519 2232 685 2263 Antonius
712 2230 877 2273 Magister

128 2275 305 2316 Equitum3
327 2287 392 2307 non
408 2285 515 2308 tamen
539 2277 655 2319 ignaro
682 2276 817 2313 Caesare,
840 2283 875 2306 ut

128 2318 174 2350 ait
192 2319 380 2356 Cicero,sed
392 2322 461 2363 ipso
474 2332 547 2352 cum
564 2321 782 2363 seligente,·ut
799 2319 874 2351 Plu*

129 2363 255 2394 tarchus-
272 2363 391 2396 indicat
408 2366 439 2396 in
453 2366 611 2396 Antonio.

172 2409 202 2438 Q.
223 2407 377 2449 Magister
399 2410 567 2451 Equitum]
591 2410 767 2451 Nunquam
791 2419 877 2439 crea-

129 2450 224 2482 batur
238 2452 395 2490 Dictator,
410 2454 488 2496 quin
505 2454 534 2484 ei
547 2454 710 2496 Magister
721 2453 878 2495 Equitum

129 2496 312 2533 adderetur,
325 2499 381 2538 qui
399 2509 562 2530 summum
586 2498 618 2529 in
636 2497 753 2529 milites
769 2507 879 2528 omnes

130 2540 181 2582 jus
198 2539 349 2572 habebat.
708 2548 711 2549 ⁷

175 2584 205 2615 3.
223 2583 360 2628 Hippia]
389 2587 545 2617 Matrona
566 2585 628 2618 fuit
653 2585 882 2623 Romanafsed

176 2672 222 2703 lb.
252 2673 356 2714 Equos
381 2675 560 2714 vectigales]
591 2673 676 2716 Equi
703 2673 879 2715 vectigales

129 2718 236 2754 erant,
251 2718 305 2759 qui
323 2718 435 2749 tributi
448 2719 578 2750 nomine
593 2717 814 2750 mittebantur.

175 2766 206 2795 4.
236 2763 309 2793 Non
335 2762 437 2805 hana]
467 2763 623 2805 Intelligit
637 2763 769 2793 domum
786 2765 880 2793 Pom-

132 2807 210 2849 peii,
234 2816 332 2848 quam
357 2807 524 2845 invaserat,
543 2815 574 2838 et
601 2817 697 2850 quam
715 2805 798 2839 filius
815 2806 882 2847 ejus

135 2851 195 2884 sibi
212 2851 387 2894 repetebat.

968 2141 1019 2172 10.
1038 2141 1221 2182 Repentinus
1246 2141 1362 2184 lacerem]
1380 2141 1580 2184 Repentinus
1605 2141 1671 2174 ha:-

920 2195 970 2216 res
982 2185 1109 2223 dicitur,
1119 2185 1175 2228 qui
1187 2186 1300 2218 fraude
1311 2188 1421 2217 rerum
1431 2187 1592 2218 haeredem
1604 2187 1651 2219 cir
1658 2207 1677 2216 .-

921 2230 1131 2273 cumsci‘ipsit‚
1145 2239 1178 2262 et
1193 2230 1224 2261 vi
1240 2238 1272 2262 et
1295 2230 1407 2262 fraude
1431 2232 1470 2261 ad
1497 2231 1670 2264 haeredita·

920 2281 988 2305 tem
1004 2274 1063 2306 sibi
1079 2285 1144 2305 non
1158 2274 1473 2318 debitamlpervenit.

969 2319 1016 2350 13.
1034 2320 1063 2350 T
1061 2330 1080 2348 ιι
1092 2319 1159 2350 istis
1163 2320 1329 2359 faucibus.j
1353 2319 1570 2351 Ratiocinatio
1581 2330 1672 2362 egre·

920 2362 992 2405 gia:
1016 2363 1135 2394 habere
1156 2374 1286 2406 magnas
1312 2363 1419 2395 fauces
1443 2371 1476 2396 et
1497 2364 1603 2407 ampla
1618 2363 1673 2399 >la-

923 2416 1003 2445 tera,
1022 2416 1169 2439 ventrem
1185 2417 1342 2450 magnum
1358 2408 1418 2450 qui
1442 2408 1581 2440 multum
1598 2419 1671 2450 pos-

924 2452 964 2483 sit
981 2463 1106 2494 capere,
1135 2460 1167 2483 et
1192 2459 1264 2484 turn
1289 2452 1335 2484 ita
1361 2452 1525 2490 inebriari,
1546 2461 1581 2484 ut
1604 2452 1676 2494 quis

924 2504 1064 2534 evomat,
1079 2496 1218 2527 hominis
1232 2504 1279 2528 est
1295 2497 1548 2540 intemperantis.

974 2541 1021 2570 14.
1040 2542 1076 2571 ln
1099 2541 1222 2582 Hippia>
1244 2541 1379 2581 nuptiis]
1399 2541 1524 2584 Hippia
1539 2540 1598 2572 reli
1625 2540 1673 2573 uit

926 2585 1069 2628 primum
1079 2595 1170 2616 suum
1182 2585 1335 2616 maritum
1347 2587 1550 2622 Senator-em,
1560 2593 1592 2616 ct
1626 2595 1680 2616 er·

927 2630 982 2672 gio
999 2630 1100 2660 mimo
1123 2628 1251 2671 nupsit:
1277 2636 1402 2660 tantum
1432 2637 1540 2660 autem
1571 2629 1605 2660 in
1631 2628 1687 2660 eis.

924 2673 1044 2716 nuptiis
1067 2673 1132 2704 vini
1149 2673 1296 2704 exhausit
1312 2673 1488 2711 Antonius,
1513 2680 1550 2705 ut
1572 2672 1676 2705 firmis

925 2719 989 2749 suis
1005 2717 1167 2754 latei-ibus,
1179 2724 1211 2749 et
1221 2716 1410 2759 gladiatoria
1424 2717 1564 2760 corporis
1574 2716 1677 2749 firmi-

925 2770 992 2793 tate
1009 2772 1146 2803 coquere
1163 2771 1227 2791 non
1243 2762 1393 2803 potuen't.

946 2812 953 2816 “
973 2808 1023 2836 ΩΟ.
1070 2805 1270 2846 Esculenlis.]
1311 2805 1520 2839 Esculcntum
1558 2805 1680 2838 dicitur

930 2850 1017 2892 quod
1032 2850 1098 2880 esui
1116 2857 1227 2891 aptum
1238 2857 1296 2882 est.

1065 2901 1088 2933 ‘2
1111 2905 1142 2934 Η
1578 2902 1655 2936 test
1674 2910 1682 2934 ε
