1872 3135
572 108 797 157 ORATIO
827 113 939 157 PRO
969 112 1038 156 M.
1072 111 1298 155 COELIO.
1660 119 1738 152 243

151 228 386 285 reipublicae
406 242 569 284 poenam,
591 228 658 270 sed
680 228 729 270 ad
749 227 931 270 mulieris
951 227 1142 270 libidines
1175 235 1214 267 et
1233 223 1396 267 delicias
1424 221 1667 284 deposcitur.

150 287 290 342 Atque
310 286 389 327 hoc
421 285 543 328 etiam
561 285 652 327 loco
668 286 735 327 M.
760 285 964 337 Camurti,
989 295 1028 328 et
1050 285 1101 328 C.
1122 281 1497 326 Eserni'damnatio
1519 282 1668 336 praedi-

150 353 276 384 catur.
340 343 379 386 Ο
401 342 615 385 stultitiam
636 343 644 384 !
680 343 968 384 stultitiam-ne
987 343 1138 393 dicam,
1163 356 1214 383 an
1247 339 1547 402 impudentiam
1579 339 1666 380 sin-⁴
1691 345 1741 379 10

147 399 328 456 gularem
349 403 362 442 ?
398 401 631 442 audetis-ne
665 405 766 442 cum
799 401 849 442 ab
881 404 931 442 est
949 400 1118 442 muliere
1139 397 1324 449 veniatis,
1347 395 1477 441 facere
1494 405 1668 438 lstorum

147 455 368 499 hominum
401 458 655 499 mentionem
675 459 689 499 ?
724 458 956 499 audetis-ue
990 457 1163 498 excitare
1182 455 1284 497 tanti
1305 453 1447 512 flagitii
1467 452 1666 496 memori-

145 526 230 564 am,
251 529 334 556 non
362 516 589 557 extinctam
612 515 727 557 illam
747 515 929 570 quidem,
953 515 1019 554 sed
1052 527 1273 566 repressam
1306 512 1532 553 vetustate?
1567 511 1667 554 Quo

141 570 258 612 enim
293 571 351 613 illi
383 572 570 624 crimine,
594 583 842 628 peccatoque
873 572 1108 624 perierunt?
1143 583 1309 624 nempe,
1343 569 1451 625 quod
1484 567 1668 625 ejusdem

143 628 326 670 mulieris
357 629 539 672 dolorem
561 639 599 670 et
621 628 815 685 injuriam
834 628 1030 668 Vettiano
1052 624 1206 668 nefario
1224 637 1319 668 sunt
1339 636 1479 680 stupro
1499 629 1514 650 '³
1536 640 1668 681 perse·
1690 633 1738 668 15

143 686 240 727 cuti.
305 688 414 743 Ergo
449 696 494 729 ut
521 687 723 728 audiretur
751 684 880 725 Vettii
914 699 1066 726 nomen
1088 681 1133 737 in
1152 685 1290 734 causa,
1313 692 1360 724 ut
1379 682 1446 725 illa
1465 692 1580 725 vetus
1599 683 1665 726 A·-

144 741 274 785 frania
305 743 440 785 fabula
475 743 741 793 refricaretur,
774 741 926 783 idcirco
967 739 1158 783 Camurti
1188 750 1234 782 et>
1265 740 1411 781 Eserni
1442 752 1563 782 causa
1605 750 1667 784 est

143 802 365 842 renovata?
416 801 486 856 qui
517 815 754 857 quanquam
788 799 873 856 lege
903 799 952 840 de
981 798 1020 840 vi
1057 800 1163 840 certe
1199 812 1285 839 non
1316 796 1574 849 tenebantur,
1615 813 1665 841 eo

143 857 345 899 maleficio
376 867 514 899 tamen
552 866 664 898 eraut
694 856 908 912 implicati,
932 865 978 897 ut
1000 871 1048 897 ex
1068 855 1223 897 nullius
1244 854 1342 911 legis
1364 853 1518 911 laqueis
1539 854 1663 897 emit-

142 914 254 957 tendi
282 914 524 955 viderentur.
584 914 650 955 M.
671 916 764 955 vero
794 912 956 955 Coelius
988 926 1059 955 cur
1077 913 1122 954 in
1144 915 1222 954 hoc
1235 912 1443 969 judicium
1463 915 1661 954 vocatur?

144 972 227 1014 cui*
246 986 379 1028 neque
409 970 621 1027 proprium
651 969 891 1028 quaestionis
926 970 1086 1013 crimen
1115 970 1322 1028 objicitur,
1355 984 1432 1012 nee
1465 969 1556 1011 vero
1586 969 1662 1010 ali-

141 1028 239 1086 quid
269 1027 490 1086 ejusmodi,
515 1036 529 1053 ⁰
548 1029 658 1085 quod
699 1027 749 1070 sit
779 1031 804 1070 a
837 1027 923 1086 lege
953 1029 1203 1085 sejunctum,
1233 1036 1274 1068 et
1304 1042 1402 1069 cum
1436 1028 1569 1069 vestra
1599 1042 1663 1070 sea

138 1086 303 1128 veritate
330 1087 627 1144 conjunctum3
662 1087 780 1144 cujus
804 1086 936 1141 prima
956 1097 1052 1128 aetas
1073 1085 1208 1127 dedita
1226 1083 1454 1141 disciplinis
1473 1083 1567 1138 fuit,
1590 1083 1664 1127 iis·
1683 1112 1685 1114 ·

141 1159 220 1201 que
240 1143 408 1196 artibus,
430 1143 579 1201 quibus
610 1144 853 1185 instruimur
886 1143 934 1185 ad
964 1144 1076 1185 hunc
1097 1158 1221 1185 usum
1243 1141 1466 1195 forensem,
1488 1141 1574 1184 ad*1
1593 1157 1664 1184 cao

137 1201 382 1257 pessendam
405 1200 720 1257 rempublicam,
743 1201 790 1242 ad
824 1202 1042 1253 honorem,
1065 1199 1253 1257 gloriam,
1275 1199 1519 1258 dignitatem
1539 1215 1547 1240 :
1575 1208 1595 1237 ,θ
1614 1200 1664 1242 iis
1684 1206 1735 1240 25

137 1268 277 1301 autem
305 1258 383 1300 fuit
419 1259 610 1301 amicitiis
640 1260 847 1315 majorum
882 1267 997 1311 natu,
1030 1271 1209 1315 quorum
1239 1256 1391 1299 imitari
1419 1255 1666 1300 industriam

139 1315 518 1373 continentiamque
539 1316 723 1359 maxime
745 1316 840 1357 velit
858 1331 868 1357 ε
903 1316 950 1358 iis
973 1315 1197 1373 aequalium
1219 1314 1379 1367 studiis,
1402 1325 1450 1358 ut
1468 1314 1662 1368 eundem,

170 1387 264 1415 uem
293 1373 440 1429 optimi
470 1389 516 1415 ac
559 1373 850 1426 nobililissimi,
883 1383 1016 1428 petere
1050 1388 1219 1415 cursum
1267 1372 1399 1415 laudis
1449 1371 1661 1415 videretur.

138 1387 256 1472 {um
286 1440 422 1472 autem
454 1431 624 1487 paulum
646 1432 737 1487 jam
769 1429 1194 1473 roboris'accessisset
1232 1431 1358 1482 aetati,
1401 1430 1443 1472 in
1471 1429 1663 1473 Africam

137 1486 343 1543 profectus
373 1497 448 1540 est,
481 1489 540 1531 Q.
576 1487 772 1543 Pompeio
815 1489 1054 1531 Proconsuli
1084 1488 1405 1540 contubernalis,
1429 1487 1661 1530 castissimo
1679 1494 1735 1530 30

136 1545 222 1586 viro
269 1553 390 1601 atque
437 1545 574 1588 omnis
619 1545 744 1586 officii
791 1544 1133 1602 diligentissimoz
1194 1545 1239 1588 in
1301 1549 1383 1602 qua
1449 1545 1661 1602 provincia

139 1604 238 1643 cum
258 1603 349 1643 fres
381 1613 494 1644 erant
527 1612 566 1645 et
596 1602 870 1659 possessiones
907 1613 1102 1659 paternae,
1139 1611 1229 1644 tum
1261 1603 1387 1645 etiam
1415 1602 1535 1644 'ususv
1564 1604 1658 1659 quiz

135 1658 231 1700 dam
261 1659 537 1715 provincialis,
556 1675 641 1701 non
663 1660 749 1701 sine
771 1663 908 1712 causa,
931 1663 956 1702 a
971 1659 1197 1717 majoribus
1217 1660 1316 1702 huic
1335 1659 1446 1703 aetati
1465 1660 1657 1702 tributus:
1691 1695 1693 1700 .

133 1715 336 1758 Discessit
355 1715 471 1760 illinc
489 1716 674 1774 Pompeii
687 1717 847 1775 judicio
868 1718 1195 1774 probatissimus,
1214 1727 1260 1759 ut
1276 1718 1402 1774 ipsius
1423 1718 1659 1771 testimonio

185 1840 201 1865 ¹³
214 1842 283 1878 ulti
300 1851 377 1879 sunt
395 1842 533 1880 υἱοῖαεᾶ
546 1841 733 1893 pudicitie?
755 1843 869 1881 Vettii.
922 1849 937 1865 ‘³
955 1834 1050 1893 quod
1062 1855 1131 1880 non
1150 1843 1231 1880 licet
1243 1853 1312 1892 per
1331 1844 1449 1893 legem.
1506 1843 1522 1866 ‘¹
1530 1845 1658 1897 guber-

131 1895 297 1932 nandam.
352 1901 367 1918 ‘³
378 1895 500 1933 habuit
514 1909 572 1933 eas
589 1897 771 1933 anticitz'ccs
788 1910 864 1933 cum
877 1895 1077 1934 senioribus.
1133 1893 1356 1941 fflcczcltates.

174 2036 204 2064 9.
228 2032 376 2070 Camurti,
396 2038 425 2064 et
441 2034 472 2066 C.
491 2033 603 2064 Eser-ni
615 2033 788 2077 damnatio]
812 2034 872 2066 Vi·
918 2033 1079 2076 publicam
1099 2032 1295 2066 turbassent:
1319 2032 1374 2065 sed
1387 2033 1462 2076 quia
1484 2034 1552 2065 vim
1567 2033 1655 2067 intu-

128 2076 244 2109 dentur
258 2076 291 2108 hi
303 2078 456 2114 damnati,
469 2079 555 2120 quod
570 2089 608 2109 ex
624 2078 661 2109 iis
672 2078 804 2115 fuerint,
815 2079 870 2120 qui
915 2079 1019 2110 lerant
1033 2079 1160 2120 juvenis
1174 2077 1363 2116 sanctissimi
1378 2077 1552 2120 pudicitiae,
1567 2079 1656 2121 quod

127 2119 249 2162 legatos
274 2121 510 2154 Alexandrinos
533 2121 730 2160 interfecere,
749 2131 783 2153 ut
799 2123 869 2165 pla-
914 2124 1044 2165 quidem
1070 2124 1110 2154 ad
1135 2122 1198 2154 vim
1214 2117 1376 2165 publicam
1391 2122 1552 2164 pertinere
1566 2124 1641 2156 vide

126 2171 177 2196 cet
200 2165 420 2197 Hotomanno.
469 2165 530 2198 Sed
556 2167 625 2198 aliis
651 2166 800 2198 videntur
815 2167 868 2198 fu·
913 2168 1017 2199 batur.
1145 2183 1147 2186 ⁴

125 2207 186 2239 isse
199 2209 350 2247 damnati,
365 2211 451 2251 quod
468 2210 580 2244 Vettio
595 2210 720 2242 cuidam
746 2211 865 2243 adoles-

126 2252 208 2282 centi
226 2253 288 2286 vim
302 2254 495 2291 intulissent,
517 2262 554 2286 ut
575 2254 698 2286 Clodiae
724 2255 866 2287 facerent

124 2295 210 2334 satis,
221 2296 238 2326 ὲ
253 2298 314 2340 qua
329 2299 396 2341 ejus
411 2299 565 2341 pudicitia
580 2309 645 2330 non
674 2299 781 2343 potuit
807 2311 865 2342 op-

127 2340 274 2381 pugnari.

173 2383 222 2414 16.
247 2385 288 2415 Ue
299 2385 352 2416 illa
362 2391 445 2418 vetus
455 2386 699 2426 Afraniafabula
708 2389 866 2427 refricare-

126 2425 202 2468 tur.]
225 2427 364 2462 Videtur
381 2430 442 2462 hoc
456 2428 597 2464 facinore
625 2433 769 2464 renovari
795 2443 864 2463 me-

124 2471 223 2502 moria
241 2471 358 2514 flagitii
373 2474 434 2506 illis
450 2475 560 2507 similis
575 2476 718 2519 flagitiis,
732 2478 770 2507 de
786 2477 860 2518 qui-

123 2513 183 2546 bus
195 2514 348 2548 Afranius
359 2521 464 2559 poeta,
473 2520 528 2561 qui
539 2528 662 2563 togatas
676 2521 860 2563 turpissime

121 2559 267 2601 scripsit:
304 2560 377 2592 nisi-
397 2561 530 2596 fortasse
565 2565 709 2607 designet
750 2565 861 2596 Caiam

121 2601 294 2634 Afraniam
305 2604 611 2647 impudentissimam
621 2609 794 2646 foeminam,
804 2621 860 2651 po-

122 2646 248 2685 eti-iam,
266 2649 298 2679 et
313 2648 484 2681 multarum
499 2651 679 2685 fabularum
704 2653 859 2685 inventri-

116 2699 222 2764 stem,3
233 2692 271 2723 de
302 2695 363 2734 qut
387 2692 530 2735 loquitur
556 2695 629 2727 val.
645 2698 737 2728 Max.
756 2697 813 2730 lib.
831 2700 860 2729 8.

121 2743 189 2777 cap.
226 2759 233 2766 .

171 2779 218 2810 18.
243 2779 326 2822 Lege
346 2780 382 2810 de
405 2780 435 2811 υἱ
457 2791 515 2812 non
531 2782 730 2825 tenebantur]
755 2787 859 2817 Tene-

122 2821 239 2855 bantur
250 2824 290 2856 de
302 2824 334 2855 vi
348 2824 487 2866 quidem,
499 2837 560 2859 nou
577 2828 660 2869 quod
674 2829 768 2861 armis
776 2840 859 2862 rem-

955 2213 1006 2244 28.
1031 2210 1247 2253 Nobilissimi]
1270 2211 1415 2242 Eundem
1432 2210 1506 2244 vitae
1523 2222 1650 2244 cursum

910 2257 1013 2288 tenuit
1039 2255 1168 2292 Coelius,
1194 2266 1289 2297 quern
1315 2254 1506 2288 nobilissimi
1532 2257 1651 2298 quique

909 2311 1033 2342 semper
1049 2307 1230 2330 tenuerunt.
1552 2329 1556 2332 ,

951 2345 1003 2375 30.
1028 2343 1229 2386 Proconsuli.]
1253 2342 1457 2375 Proconsules
1473 2343 1647 2381 dictisunt,

909 2389 994 2430 quld
1017 2399 1075 2430 pro
1103 2387 1296 2419 Consulibus
1316 2387 1356 2419 ad
1383 2387 1647 2420 administrandas

909 2433 1086 2475 provincias
1101 2432 1318 2463 mitterentur.

951 2477 994 2508 Ib.
1022 2476 1271 2515 Conrubemalisq
1299 2474 1645 2509 Contubernalesmilie

905 2528 952 2552 tes
968 2520 1166 2558 dicebantur,
1182 2521 1237 2562 qui
1251 2521 1359 2551 decem
1376 2519 1432 2551 sub
1449 2530 1514 2552 uno
1529 2519 1644 2561 papili-

905 2576 966 2597 one
981 2566 1149 2606 degebant.
1574 2568 1576 2571 '
1589 2570 1593 2578 ⁵

950 2610 999 2640 32.
1026 2609 1102 2640 Usus
1117 2610 1235 2650 quidam
1251 2605 1465 2650 provincialia}
1495 2607 1642 2642 ‚Romani

905 2653 1048 2685 solebant
1065 2654 1275 2684 adole÷cente÷
1303 2653 1340 2681 :id
1366 2651 1544 2692 provincias
1570 2662 1641 2685 cnm

903 2697 1090 2740 praesidibus
1106 2698 1244 2732 mittet-e,
1256 2703 1290 2726 ut
1306 2695 1480 2736 paratiores
1494 2695 1534 2726 ad
1552 2704 1642 2727 rern-

904 2741 1062 2784 publicam
1075 2739 1356 2772 administrandam
1366 2740 1567 2778 accederem
1583 2748 1643 2771 un-

904 2786 943 2818 de
958 2786 1010 2817 hic
1022 2796 1092 2818 usus
1104 2795 1164 2827 pro
1183 2783 1375 2826 experientias
1387 2784 1531 2826 ponitur.

978 2884 1007 2913 ‘r
1547 2885 1642 2926 cog-
