1872 3135
506 143 735 189 ORATIO
766 145 826 187 11.
857 145 926 188 IN
956 144 1010 187 L.
1044 141 1413 187 CATILINAM.
1687 150 1762 183 111

168 267 264 301 sunt
273 260 404 316 quam
423 273 513 315 pars
530 259 818 313 patriciorum,
831 268 1028 316 potestate
1043 269 1180 302 tamen
1200 261 1339 300 nostra
1355 253 1696 299 continebuntur.

167 317 223 358 O..
245 317 458 370 Metellus,
485 333 610 374 quem
641 333 715 375 ego
751 318 1003 375 prospiciens
1040 320 1135 370 hoc,
1170 317 1213 358 in
1248 331 1392 373 agrum
1426 313 1695 356 Gallicanum

167 372 452 432 Picenumque
482 374 682 431 praemisi,
716 386 786 418 aut
816 375 1021 432 opprimet
1056 375 1290 426 hominem,
1324 383 1394 415 aut
1430 385 1577 413 omnes
1608 371 1694 428 ejus
1713 378 1766 412 lo

165 442 306 473 xnotus
341 444 596 490 conatusque
626 433 890 488 prohibebit;
923 433 1087 489 rehquis
1127 442 1265 474 autent
1296 432 1347 472 de
1386 428 1506 472 rebus
1536 429 1694 470 eonsu-

166 489 347 542 tuendis,
378 490 394 515 ¹³
421 491 691 543 maturandis,
739 492 921 549 agendis,
965 491 1054 548 jam
1106 490 1154 531 ad
1205 491 1405 531 Senatum
1457 486 1695 538 referemus,

167 559 292 603 quem
328 548 464 590 vocari
494 547 652 591 videtis.
713 550 845 591 Nunc
876 548 967 589 illos
1001 547 1073 605 qui
1103 546 1144 588 in
1186 546 1284 587 urbe
1312 553 1609 596 remanserunt,
1631 556 1695 585 at-

167 618 249 660 que
296 606 397 648 adeo
428 606 500 662 qui
538 616 679 648 contra
727 606 840 648 urbis
872 605 1062 657 salutem,
1103 604 1378 659 omniumque
1423 605 1621 654 vestrum,
1654 601 1698 643 in

161 661 511 706 vurbeaCatilinst
531 664 660 706 relicti
692 674 803 715 sunt,
835 673 1211 718 quanquam-sunt
1242 662 1393 712 hostes,
1430 671 1567 702 tamen
1598 658 1696 716 quia
1715 666 1762 700 15

168 718 254 761 nati
291 731 388 762 sunt
419 722 542 772 cives,
579 720 763 762 monitos
793 719 918 761 etiam
955 729 1076 776 atque
1106 719 1231 761 etiam
1270 718 1379 760 volo.
1458 719 1560 759 Mea
1587 716 1695 759 leni-

169 786 229 819 tas
253 778 387 819 adhuc
409 776 527 820 sicui
547 784 561 802 ⁶
581 777 753 819 solutior
783 777 868 818 visa
902 786 977 828 est,
1011 779 1091 818 hoc
1129 775 1374 831 expectavit,
1406 783 1452 815 ut
1491 775 1545 827 id,
1583 775 1695 832 quod

167 834 334 886 latebat,
367 845 612 890 erumperet.
676 835 804 878 Quod
841 834 1045 892 reliquum
1078 843 1152 885 est,
1175 834 1266 891 jam
1288 848 1372 874 non
1395 847 1566 888 possum
1586 832 1694 873 obli-

166 891 284 944 visci,
303 906 439 934 meam
462 893 571 934 hanc
591 907 677 934 esse
697 892 888 948 patriam,
910 908 979 934 rne
1010 893 1158 933 horum
1195 906 1280 932 esse
1311 889 1525 931 consulem
1546 907 1555 930 :
1589 889 1695 931 mihi

165 961 236 991 aut
256 965 354 991 cum
386 950 450 992 his
487 949 724 1002 vivendum,
758 964 828 992 aut
858 966 930 1005 pro
958 948 1023 991 his
1044 964 1129 991 esse
1149 948 1443 1000 moriendum3
1477 947 1614 988 nullus
1635 959 1695 988 est
1710 953 1766 987 ΞΟ

167 1015 296 1063 portae
317 1016 473 1060 custos,
495 1007 633 1050 nullus
654 1007 868 1050 insidiator
889 1006 965 1050 vice.
987 1024 996 1049 :
1031 1007 1064 1048 si
1087 1006 1157 1064 qui
1178 1005 1285 1048 exire
1305 1005 1464 1057 volunt,
1484 1004 1698 1046 consulere

166 1063 248 1106 sibi
270 1076 471 1120 possunt:
504 1066 576 1123 qui
606 1068 702 1108 vero
738 1065 780 1106 in
811 1065 910 1107 urbe
949 1080 993 1106 se
1020 1063 1308 1115 commoverit,
1354 1063 1472 1119 cujus
1502 1078 1580 1120 ego
1613 1078 1700 1104 non

166 1123 296 1165 modo
326 1122 498 1175 factum,
533 1123 600 1165 sed
649 1122 862 1180 inceptum
901 1123 1036 1165 ullum
1067 1131 1316 1165 conatumve
1345 1130 1488 1162 contra
1523 1120 1700 1176 patriam

168 1179 486 1235 deprehendero,
510 1181 656 1223 sentiet
696 1180 741 1223 in
772 1183 853 1223 hac
889 1182 988 1223 urbe
1020 1195 1106 1222 esse
1136 1179 1326 1222 consules
1357 1178 1590 1236 vigilantes,
1613 1193 1700 1219 esse

168 1237 351 1296 egregios
368 1238 651 1296 magistratus,
675 1254 761 1280 esse
783 1239 929 1280 fortem
952 1240 1171 1289 Senatum,
1203 1253 1289 1278 esse
1322 1251 1450 1288 arma,
1490 1251 1577 1277 esse
1608 1251 1696 1277 car·
1713 1240 1766 1275 §.²5

171 1310 334 1338 cerem:
371 1311 497 1354 quem
527 1297 734 1338 vind'l‘cem
769 1296 1037 1347 nefariorum,
1070 1312 1117 1337 ac
1148 1294 1464 1337 manifestorum
1499 1294 1700 1335 scelerum

169 1353 344 1410 majores
374 1354 504 1397 nostri
539 1369 625 1396 esse
655 1355 888 1397 voluerunt.
950 1355 1092 1411 Atque
1123 1355 1214 1394 hece
1249 1351 1394 1394 omnia
1425 1350 1482 1393 sic
1514 1361 1702 1408 agentur,

171 1411 375 1464 Quirites,
402 1421 448 1454 ut
479 1427 539 1453 res
577 1412 774 1454 maximae
803 1412 985 1454 minimo
1018 1422 1152 1460 ῐηοω,
1185 1411 1364 1466 pericula
1391 1424 1558 1451 summa
1587 1408 1702 1450 nullo

171 1469 371 1521 tumultu,
395 1469 551 1511 bellum
572 1470 815 1512 intestinum
845 1486 892 1512 ac
926 1469 1219 1520 domesticum,
1242 1478 1334 1524 post
1357 1466 1580 1509 hominum
1611 1482 1702 1508 me-

173 1525 352 1568 moriam
398 1526 730 1569 crudelissimum
779 1543 825 1568 ae
857 1527 1108 1579 maximum,
1137 1542 1205 1568 mc
1237 1542 1321 1567 uno
1354 1534 1496 1581 togato
1533 1525 1636 1565 duce
1668 1530 1775 1566 etsso

172 1581 431 1638 imperatore,
470 1585 657 1637 sedetur3
699 1585 809 1641 quod
844 1599 920 1642 ego
956 1585 1014 1626 sic
1053 1583 1368 1635 administrabo,
1402 1582 1602 1634 Quirites,
1643 1591 1703 1634 ut,

174 1640 206 1682 si
236 1640 321 1682 ullo
359 1641 485 1683 modo
524 1641 608 1683 fieri
643 1641 804 1697 poterit,
825 1658 877 1683 ne
898 1641 1113 1699 improbus
1135 1641 1304 1698 quidem
1324 1641 1545 1697 qnisquam
1562 1641 1603 1680 in
1626 1640 1708 1681 hssc

174 1698 274 1739 urbe
296 1713 470 1753 poenam
490 1698 552 1740 sui
574 1699 734 1740 sceleris
757 1700 936 1742 sufferat,
997 1700 1077 1742 Sed
1098 1699 1130 1740 si
1160 1699 1217 1740 vis
1247 1698 1476 1740 manifest-212
1506 1697 1706 1749 audaciae,

173 1755 208 1796 si
229 1754 474 1812 impendens
495 1756 636 1812 patriae
668 1756 902 1812 periculum
931 1773 999 1799 me
1029 1757 1259 1798 necessario
1279 1757 1327 1797 (le
1349 1758 1425 1798 hac
1447 1755 1572 1797 animi
1601 1755 1707 1796 leni-

175 1822 258 1855 tate
292 1813 551 1866 deduxerint,
584 1814 684 1856 illud
735 1814 919 1871 profecto
966 1814 1193 1871 perficiam,
1243 1815 1354 1871 quod
1412 1813 1454 1855 in
1506 1822 1620 1854 tanto
1669 1817 1774 1855 et35

177 1880 263 1912 tam
294 1871 491 1913 insidioso
525 1872 632 1914 bello
667 1872 735 1914 vix
765 1873 996 1929 optandum
1028 1872 1200 1924 videtur,
1251 1881 1297 1913 ut
1341 1887 1393 1913 ne
1433 1870 1525 1927 quis
1575 1871 1710 1912 bonus

176 1926 361 1980 intereat,
385 1944 694 1987 paucorumque
711 1933 841 1986 prena
870 1945 940 1972 vos
974 1945 1119 1971 omnes
1138 1930 1230 1986 jam
1269 1929 1366 1970 salvi
1407 1944 1493 1970 esse
1529 1929 1708 1984 possitis.

177 1986 288 2028 Quae
310 1985 480 2043 quidem
501 2003 576 2046 ego
596 2003 731 2045 neque
752 1991 845 2030 mea
865 1988 1098 2043 prudentia,
1134 2003 1267 2044 neque
1298 1986 1495 2029 humanis
1524 1985 1706 2028 consiliis

175 2042 302 2086 fretus
358 2044 555 2101 polliceor
602 2045 738 2097 vobis,
776 2045 995 2098 Quirite53
1045 2046 1114 2088 sed
1160 2044 1321 2098 multis,
1369 2054 1407 2086 et
1452 2059 1543 2086 non
1574 2042 1708 2086 dubiis

571 2203 588 2228 Β
605 2205 861 2243 accelerandis.

222 2383 253 2412 8.
278 2382 377 2414 Quam
394 2381 490 2425 para]
516 2382 540 2413 E
559 2383 699 2415 Patricio
715 2393 833 2424 genere
849 2381 921 2425 qui-

180 2427 254 2458 dam
267 2427 365 2459 secuti
384 2435 457 2458 sunt
475 2425 663 2459 Catilinam.
697 2430 793 2459 Certe
802 2428 923 2459 multos

177 2472 193 2499 ὲ
208 2471 414 2513 senatoribus
437 2471 604 2503 Sallustius
631 2473 788 2510 nominat,
809 2473 866 2515 qui
888 2471 921 2502 in

177 2515 398 2555 conjuratione
413 2515 554 2546 fuerunt.

223 2559 254 2589 9.
281 2559 316 2589 Q.
329 2558 495 2603 Metellus]
520 2561 551 2591 Is
569 2559 726 2592 Metellus
739 2560 835 2592 Celer
851 2560 925 2599 fuit,

180 2602 232 2634 cui
248 2613 279 2634 se
296 2602 371 2634 dare
395 2603 499 2635 voluit
522 2604 555 2635 in
575 2605 753 2636 custodiam
771 2605 924 2643 Catilina,

180 2647 236 2678 sed
252 2657 347 2689 quem
364 2647 556 2688 repudiavit.

230 2693 275 2722 16.
304 2691 384 2721 Noti
397 2697 466 2721 sunt
481 2692 579 2732 cives]
625 2694 713 2725 Inter
742 2693 926 2734 conjuratos

178 2735 234 2769 alii
247 2743 340 2766 erant
358 2735 424 2766 nati
442 2735 538 2774 cives,
552 2736 607 2767 alii
620 2738 750 2768 civitate
762 2738 883 2768 donati.

229 2781 276 2811 18.
301 2778 456 2822 Latebat]
481 2781 673 2823 Conjuratio
691 2781 824 2820 latebat,
841 2781 896 2814 sed
908 2780 926 2812 ὲ

181 2824 339 2856 Cicerone
356 2832 467 2865 aperta
479 2832 535 2855 est.

220 2869 277 2919 ,9¹⁸
302 2867 490 2912 Insidiator]
516 2866 632 2901 Nullus
642 2877 700 2907 est,
711 2869 767 2913 qui
779 2869 811 2900 in
824 2869 874 2901 via
889 2869 927 2904 il-

1177 2209 1193 2227 e
1204 2204 1329 2253 mcgjor.

966 2380 1025 2420 los,
1046 2382 1102 2424 qui
1126 2381 1165 2413 ad
1193 2382 1369 2414 Catilinam
1392 2378 1650 2424 proficiscuntur,
1671 2377 1713 2411 ad

966 2436 1106 2458 mortem
1121 2425 1237 2468 rapiat.

1010 2472 1063 2501 25.
1090 2472 1269 2514 carcerem]
1293 2469 1450 2512 Ulpianus
1474 2468 1531 2506 ait,
1551 2476 1712 2499 carcerem

968 2514 1165 2546 aedificatum
1175 2515 1272 2547 fuisse
1296 2526 1358 2546 nen
1377 2514 1415 2545 ad
1432 2513 1617 2555 plectendos
1628 2512 1717 2543 cives

968 2559 1146 2601 improbos»,
1171 2561 1226 2591 sed
1251 2559 1492 2601 reprimendos;
1526 2564 1634 2588 tamen
1659 2554 1717 2587 hio

969 2604 1086 2635 Cicero
1101 2604 1270 2635 manifeste
1285 2603 1406 2634 indicat
1422 2602 1462 2633 ad
1476 2612 1531 2633 ecs
1540 2601 1639 2632 etiam
1655 2610 1717 2642 pu·

968 2648 1104 2680 niendos
1127 2648 1223 2680 fuisse
1252 2648 1454 2679 institutum:
1485 2645 1583 2677 refert
1605 2653 1716 2676 autem

969 2693 1096 2726 Livius.
1124 2692 1179 2723 lib.
1203 2693 1223 2724 i.
1249 2692 1353 2724 media
1370 2692 1403 2722 in
1420 2689 1499 2722 urbe
1514 2688 1587 2722 furo
1602 2688 1714 2720 immi·

970 2746 1099 2768 nentem
1118 2736 1221 2768 fuisse.

1015 2781 1066 2812 30.
1093 2781 1235 2824 Togata]
1258 2781 1353 2823 Toga
1371 2777 1512 2811 Romani
1528 2778 1560 2809 in
1577 2786 1667 2819 pace,
1681 2774 1716 2809 in

971 2824 1056 2856 bello
1083 2825 1186 2866 sagis:
1222 2826 1275 2858 sed
1302 2823 1378 2868 toga
1409 2832 1534 2869 semper
1561 2819 1720 2853 Consules

971 2868 1159 2901 utebantur.

1547 2907 1717 2950 deorum
