1872 3140
399 110 464 154 IN
486 99 898 154 M.AN'1⁴0N1UM
927 106 1253 153 PHiqucA
1273 110 1326 150 11.
1594 110 1676 152 4³9

103 239 122 264 ὓ
153 226 468 273 conculcandam
496 226 650 267 Italiam
670 226 924 266 tradidisset:
953 239 1043 279 quae
1072 223 1149 265 fuit
1180 224 1264 276 ejus
1297 223 1522 286 peragratio
1541 223 1608 265 iti-

101 284 278 331 nerum?
306 284 490 326 lustratio
508 283 821 337 municipiorum
839 281 855 322 ?
884 282 977 323 Scio
1006 296 1073 322 me
1091 282 1134 322 in
1153 283 1274 322 rebus
1291 281 1610 323 celebratissimis
1628 277 1683 317 '0⁷5

104 356 289 388 sermone
309 341 494 382 omniurn
513 340 660 382 versari
679 356 692 388 ;
722 353 849 393 eaque
869 353 959 393 quae
993 339 1085 379 dico
1115 339 1376 394 dicturusque
1408 353 1515 390 sum,
1535 353 1611 379 no-

103 403 206 445 tiora
225 399 412 440 omnibus
440 411 538 446 esse,
569 397 640 451 qui
658 397 702 437 in
721 397 836 437 ltalia
862 406 950 436 tum
978 394 1108 443 suere,
1136 392 1258 449 quam
1287 395 1404 444 mihi,
1437 395 1612 450 quinon

105 457 191 501 fui:
219 457 370 498 notabo
402 464 539 495 tamen
573 454 746 508 singulas
779 467 866 493 res:
896 452 969 492 etsi
1002 453 1115 493 nullo
1149 453 1273 492 modo
1303 453 1450 506 poterit
1483 454 1612 494 oratio

105 527 197 558 mea
225 511 450 554 satisfacere
484 522 626 553 vestrae
660 510 853 551 scientiae.
912 509 1076 549 Etenim
1105 509 1216 562 quod
1235 523 1414 563 unquam
1434 509 1478 550 in
1496 508 1615 550 terris

105 581 267 615 tantum
300 568 499 625 flagitium
532 566 710 609 extitisse
741 567 924 607 auditum
962 564 1052 606 est?
1096 575 1249 606 tantam
1289 564 1613 620 turpitudinem?
1633 563 1689 603 80

105 638 266 672 tantum
299 622 506 668 dedecus?
536 625 758 665 vehebatur
786 623 829 662 in
861 623 1000 663 essedo
1027 621 1235 662 Tribunus
1255 623 1405 676 plebis:
1434 623 1617 665 Lictores

107 685 276 728 laureati
304 683 620 725 antecedebant:
662 681 769 721 inter
803 693 919 734 quos,
952 675 1089 733 aperta
1125 678 1281 728 lectica,
1319 679 1443 721 mima
1483 690 1619 734 porta-

107 742 250 785 batur:
278 754 400 796 quam
433 752 485 780 ex
522 736 679 793 oppidis
710 737 986 791 municipales,
1023 736 1210 777 homines
1242 737 1419 785 honesti,
1456 737 1618 778 obviam

109 794 335 841 necessat-ib
372 796 632 851 prodeuntes,
670 808 755 835 non
798 804 886 835 toto
925 793 995 834 illo
1029 805 1069 834 et
1108 793 1275 835 mimico
1328 795 1509 842 nomine,
1547 794 1619 834 sed

113 855 379 897 Volumniam
417 853 742 893 consalutabant:
789 851 1031 905 sequebatur
1074 851 1201 891 rheda
1238 865 1332 892 cum
1382 851 1621 892 lenonibus:
1639 863 1690 899 85

106 912 280 955 ¹comites
328 909 587 965 nequissimi:
635 908 782 961 rejecta
820 919 948 949 mater
993 908 1162 948 amicam
1200 908 1348 963 impuri
1396 909 1485 958 filii,
1532 919 1622 949 tan-

117 983 239 1026 quam
276 981 442 1017 nurum,
489 966 742 1021 sequebatur.
813 965 854 1007 Ο
893 965 1049 1007 miserae
1087 965 1264 1006 mulieris
1311 966 1623 1008 foecunditatem

113 1022 426 1069 calamitosaml.
459 1031 476 1054 θ
524 1023 688 1064 Horum
725 1023 972 1078 flagitiorum
1016 1022 1091 1063 iste
1121 1022 1295 1078 vestigiis
1350 1025 1487 1064 omnia
1533 1037 1624 1066 mu-

116 1083 280 1138 nicipia,
323 1079 595 1137 praefecturaS,
644 1080 835 1129 colonias,
880 1089 1008 1121 totam
1047 1080 1223 1134 denique
1261 1079 1418 1121 Italiam
1457 1081 1625 1135 impres-

117 1140 182 1182 sit.
241 1139 512 1194 Reliquorum
545 1136 744 1178 factorum
773 1137 872 1190 ejus,
902 1137 950 1177 P.
982 1135 1028 1177 C.
1052 1137 1227 1177 difficilis
1265 1147 1324 1178 est
1357 1137 1450 1180 sane
1488 1152 1624 1192 repre·
1643 1149 1698 1188 90

117 1197 276 1246 hensio,
304 1206 345 1237 et
373 1203 387 1220 '
414 1195 597 1244 lubrica;
625 1206 801 1236 versatus
830 1195 872 1234 in
902 1193 1008 1235 bello
1038 1204 1122 1243 est3
1153 1196 1343 1235 saturavit
1370 1208 1412 1235 se
1431 1195 1624 1249 sanguine

119 1253 481 1296 dissimillimorum
518 1252 579 1294 sui
614 1252 792 1301 civium;
836 1250 912 1292 fuit
947 1250 1061 1302 felix,
1110 1251 1141 1292 si
1179 1263 1312 1306 potest
1350 1253 1430 1293 ulla
1465 1266 1548 1294 esse
1581 1253 1625 1293 in

123 1487 142 1509 ¹'
156 1479 362 1520 vexandam.
390 1485 406 1506 ‘¹
420 1480 484 1517 iste
496 1480 612 1528 infixit
623 1479 662 1517 in
676 1478 795 1516 Italici
813 1481 984 1517 memoria:
999 1479 1171 1518 hominum
1183 1494 1246 1519 sua
1249 1482 1423 1532 flagitia.
1465 1486 1478 1502 ¹'
1489 1491 1627 1532 anceps-

126 1705 206 1737 liam
215 1709 247 1736 et
256 1710 368 1737 caetera
378 1705 522 1745 praesidia
531 1704 760 1742 commisit,ubi
771 1703 858 1735 mul-

126 1755 160 1780 ta
171 1748 336 1780 libidinose
349 1756 380 1778 et
391 1745 618 1780 contumeliose
633 1750 773 1788 patravit.
790 1748 860 1778 Cae-

127 1801 179 1822 sar
189 1798 297 1822 tamen
311 1801 351 1822 ex
369 1790 516 1831 Hispania
528 1793 625 1823 victor
641 1792 772 1829 rediens,
796 1793 860 1822 An-

129 1835 208 1866 tonii
220 1841 319 1865 errata
335 1834 492 1875 neglexit:
510 1844 689 1875 gnarusque
708 1834 799 1865 illum
815 1835 862 1864 vi-

132 1887 206 1908 rum
227 1877 343 1908 fortem
371 1887 449 1916 esse,
476 1885 508 1908 et
543 1888 640 1908 manu
663 1884 862 1918 promptum,

132 1921 201 1960 ejus
223 1919 318 1959 operi
333 1921 443 1953 deinde
461 1922 493 1952 in
508 1921 593 1952 bello
609 1931 685 1952 usus
699 1928 756 1951 est.

176 1964 229 1993 77.
242 1963 301 1994 Qui
316 1974 373 1993 non
384 1965 456 2003 sut]
473 1966 547 1995 Post
569 1965 701 1995 Caesaris
717 1964 862 2005 profecti-

133 2016 229 2038 onem
253 2007 286 2037 in
309 2006 514 2047 Hispaniam,
540 2008 649 2038 Cicero
661 2007 769 2048 aliquo
783 2014 864 2038 tem-

135 2058 210 2090 pore
223 2049 255 2080 in
266 2048 354 2080 Italia
370 2052 520 2087 substitit,
535 2052 588 2081 sed
603 2061 667 2081 non
683 2051 748 2082 diu.

179 2093 231 2123 st.
255 2091 390 2134 Euaza]
419 2095 573 2124 Essedum
598 2093 736 2124 vehiculi
764 2104 865 2134 genus

136 2136 290 2177 eanuod
303 2138 388 2177 apud
398 2136 508 2177 Belgas
520 2136 627 2168 Gallos
642 2137 746 2177 primo
757 2138 865 2168 inven-

139 2184 212 2210 tum
226 2186 283 2210 est.

181 2220 228 2252 lb.
252 2221 378 2253 [ἐείσω-
390 2222 540 2264 laureati]
563 2224 668 2256 COESal'
693 2224 777 2255 dedit
792 2225 866 2256 Lic-

145 2272 224 2296 tores
241 2264 398 2297 laureatos
412 2269 476 2297 suis
490 2267 599 2308 legatis
618 2268 649 2297 in
666 2265 768 2304 ltalia,
788 2278 867 2307 quos

142 2308 258 2338 habere
275 2310 431 2339 Antonius
446 2320 509 2340 non
522 2318 653 2350 poterat,
668 2312 744 2351 quia
754 2312 868 2342 'l'ribu—

144 2349 320 2391 nus-plebis
345 2351 468 2383 tantum
490 2360 567 2391 erat,
595 2355 738 2385 Tribuno
760 2361 868 2385 autem

144 2402 208 2424 non
224 2394 487 2426 concedebantur.

187 2437 239 2467 82.
250 2436 348 2467 Minui
356 2438 550 2480 portabatur]
564 2440 710 2480 Cytheris
722 2441 869 2471 meretrix

145 2479 290 2516 Antonii,
311 2480 426 2511 mulier
454 2482 648 2518 histrionica,
673 2493 772 2523 quam
800 2484 868 2513 Vo-

144 2520 306 2553 lumniam
321 2524 501 2563 appellavit,
527 2526 604 2566 quia
617 2525 784 2557 Volumnii
795 2527 871 2557 civis

147 2566 285 2596 Romani
302 2565 412 2598 liberta
427 2568 538 2599 fuerat.

190 2609 241 2639 83.
257 2608 475 2652 Municipium]
492 2611 704 2651 Municipales
718 2610 773 2643 hic
789 2614 871 2644 acci-

147 2652 280 2694 piuntur
292 2661 347 2691 pro
360 2654 535 2692 rusticanis,
549 2655 602 2694 qui
615 2665 684 2686 rure
697 2655 851 2687 habitant.

189 2695 239 2724 84.
274 2695 442 2726 Necessario
473 2696 669 2737 prodeuntes-,1
709 2699 871 2730 Prodeunt

146 2737 243 2778 vulgo
258 2738 386 2770 honoris
401 2737 493 2771 caus3
508 2741 653 2772 homines
665 2741 760 2773 libere
773 2748 805 2773 et
815 2752 870 2773 vo·

139 2780 151 2811 l
158 2788 248 2854 {ntes
259 2791 269 2829 ³.
282 2788 314 2812 at
329 2783 362 2813 hi
376 2782 549 2815 necessario
562 2791 594 2816 et
608 2784 710 2825 inviti,
723 2786 823 2817 eoacti
836 2786 876 2817 ab

153 2848 160 2852 .
182 2831 301 2857 nmmo.

945 1705 996 1735 85.
1019 1704 1141 1746 Rham]
1164 1705 1275 1738 Rheda
1285 1705 1426 1738 vehiculi
1441 1716 1554 1748 genus,
1563 1715 1632 1750 quo

904 1745 989 1778 Galli
1012 1749 1193 1779 utebantur.

943 1791 991 1822 lb.
1017 1792 1088 1821 sum
1104 1792 1274 1831 lenonfbua]
1292 1793 1434 1825 Lenones
1456 1794 1634 1826 venditores

905 1841 989 1871 sunt,
1006 1841 1036 1865 et
1049 1837 1137 1875 quasi
1156 1837 1317 1876 mancipes
1333 1838 1547 1869 meretricum.

946 1878 995 1908 86.
1014 1877 1131 1917 Rejecta
1145 1884 1256 1918 mutem]
1284 1880 1413 1918 Rejecta
1435 1880 1519 1912 Iulia
1532 1886 1634 1913 mater

905 1921 1049 1958 Antonii,
1068 1922 1265 1953 nobilissima
1287 1924 1431 1960 foemina,
1444 1925 1634 1964 sequebatur

906 1965 1109 2004 Cytheridem
1128 1965 1215 1995 illam
1234 1967 1369 1996 mimam
1383 1967 1472 2006 quasi
1489 1976 1618 1998 nurum.

949 2005 999 2045 87.
1027 2007 1158 2038 Fiet-und„
1168 2014 1222 2037 ‘ale
1231 2009 1276 2051 [1.]
1297 2009 1436 2040 1N11sera
1471 2011 1531 2041 fuit
1563 2011 1634 2041 haec

910 2050 1010 2093 Julia‚
1027 2051 1115 2092 quod
1132 2055 1248 2092 peperit
1262 2053 1367 2083 filium
1381 2054 1558 2084 Antonium
1569 2060 1636 2084 tam

909 2104 1048 2135 nequam
1062 2102 1092 2125 et
1111 2096 1312 2135 impudicum
1328 2096 1506 2127 hominem.

951 2139 991 2167 ³8
1003 2137 1107 2168 Omnia
1116 2137 1295 2180 municipum]
1311 2140 1529 2179 Municipium
1540 2140 1571 2170 id
1580 2140 1636 2171 ho-

908 2182 1038 2212 minurn
1063 2191 1163 2221 genus
1185 2190 1242 2218 est,
1261 2182 1316 2221 qui
1333 2179 1408 2214 esim
1431 2183 1568 2214 Romam
1585 2192 1639 2214 ve·

911 2225 1042 2262 nissent‚
1065 2235 1167 2264 neque
1183 2223 1320 2256 Romani
1337 2228 1421 2257 cives
1433 2234 1548 2262 essent,
1566 2236 1638 2266 par-

913 2268 1021 2308 ticipes
1039 2275 1145 2298 tamen
1163 2270 1291 2299 fuerunt
1306 2270 1456 2302 omniurn
1480 2279 1585 2300 rerum
1600 2270 1640 2301 ad

913 2321 1033 2342 munus
1059 2312 1260 2351 fungendum
1286 2311 1350 2342 una
1380 2321 1457 2344 cum
1486 2313 1639 2343 Romanis

912 2353 1048 2390 civibus,
1077 2362 1209 2395 excepto
1241 2356 1366 2386 terendo
1395 2356 1555 2396 suflragio,
1583 2362 1642 2388 aut

912 2398 1065 2437 capiendo
1082 2399 1278 2437 Magistratu.

956 2442 1004 2472 89.
1023 2441 1235 2480 Ρι·σ’[εειιιηιε.]
1251 2441 1445 2473 Praesecturae
1459 2441 1643 2474 dicebantur

915 2485 946 2514 in
963 2485 1080 2523 quibus
1095 2485 1147 2523 jus
1163 2485 1336 2522 dicebatur,
1351 2492 1384 2515 et
1398 2485 1550 2516 nundina
1571 2493 1643 2525 age-

915 2527 1040 2565 bantur,
1064 2534 1094 2557 et
1118 2536 1181 2558 erat
1196 2529 1342 2568 quaedam
1355 2536 1465 2560 earum
1481 2528 1575 2568 Resp.
1589 2537 1644 2558 ne-

915 2580 981 2610 que
1009 2578 1115 2601 tamen
1141 2581 1215 2602 suos
1238 2572 1438 2611 magistratus
1465 2571 1644 2609 liabebantg

915 2615 968 2644 sed
987 2614 1019 2644 in
1043 2624 1094 2644 eas
1120 2615 1254 2654 praefecti
1280 2615 1420 2645 Romani
1437 2614 1645 2646 mittebantur

916 2658 1103 2697 quotannis,
1120 2657 1175 2696 qui
1189 2657 1241 2698 jus
1255 2658 1403 2688 dicerent.

958 2702 1010 2731 92.
1055 2698 1353 2743 Dissimillimorum]
1391 2700 1542 2743 Intelligit
1563 2700 1646 2732 viros

915 2745 1040 2784 probos,
1054 2743 1159 2784 qualis
1171 2752 1236 2774 non
1248 2744 1310 2775 fuit
1325 2743 1496 2776 Antonius.

1530 2875 1649 2916 scele-
