1872 3140
157 164 242 205 298

159 1373 214 1408 80
233 1375 271 1407 te
291 1364 428 1406 volui:
462 1363 559 1405 vidi.

653 158 720 201 M.
753 155 962 198 TULLII
996 156 1323 201 CICERONIS

229 274 302 315 es?
337 271 409 314 An
441 281 484 315 tu
519 270 626 313 mihi
662 269 748 324 (eui
779 284 939 326 semper
960 270 1016 312 ita
1048 286 1286 327 persuasum
1308 271 1443 326 fuerit,
1475 288 1562 316 non
1590 271 1764 323 eventis,

234 331 302 372 sed
324 329 441 372 saetis
471 331 670 384 cujusque
691 326 902 369 fortunam
933 328 1161 382 ponderari,
1195 346 1328 388 neque
1348 331 1390 373 in
1416 330 1584 373 vtabellis
1605 345 1761 386 pauco-

234 386 569 444 rumjudicium,
593 385 661 426 sed
683 383 727 426 in
747 384 959 426 sententiis
989 387 1180 429 omnium
1213 387 1369 430 civium
1390 387 1542 432 famam
1577 397 1763 430 nostram

235 444 529 499 fortunamque
564 442 757 497 pendere)
783 452 821 483 te
857 442 1147 485 indemnatum
1181 445 1305 486 videri
1339 455 1471 500 putaS,
1494 461 1619 503 quem
1640 443 1760 495 socii,

161 507 213 545 65
235 517 360 559 quem
394 499 596 552 foederati,
617 514 742 556 quem
763 498 879 541 liberi
901 501 1060 556 populi,
1084 516 1209 557 quem
1231 502 1498 557 stipendiarii,
1531 517 1654 560 quem
1686 517 1763 543 ne-

232 559 466 616 gotiatores,
507 571 633 614 quem
669 556 896 613 publicani,
934 573 1060 615 quem
1093 557 1282 601 universa
1302 559 1457 611 civitas,
1480 575 1605 616 quem
1625 559 1763 617 legati,

234 630 361 673 quem
395 613 549 657 tribuni
571 614 783 667 militares,
805 630 929 671 quem
970 615 1117 672 reliqui
1137 615 1304 667 milites,
1327 616 1398 672 qui
1417 616 1586 669 ferrum,
1607 617 1678 674 qui
1700 616 1764 658 fa-

231 688 364 725 mem,
388 673 459 729 qui
480 682 658 716 mortem
675 672 922 730 effugerunt,
938 673 1056 716 omni
1069 674 1252 717 cruciatu
1271 674 1564 730 dignissimum
1585 675 1761 730 putant?

232 729 298 772 cui
322 746 408 772 non
429 731 535 786 apud
552 731 770 783 Senatum,
793 746 879 772 non
896 731 1002 787 apud
1024 730 1155 772 ullum
1176 731 1380 782 ordinem,
1402 747 1488 773 non
1508 731 1614 786 apud
1644 731 1764 789 equi-

162 795 217 837 70
234 797 292 830 tes
311 790 558 840 -Romanos,
581 802 667 830 non
703 789 745 829 in
782 788 899 839 urbe,
935 803 1020 830 non
1043 788 1084 830 in
1108 788 1230 831 Itali-21
1263 789 1546 831 maximorum
1563 787 1766 830 scelerum

232 845 352 888 venia
371 846 455 888 ulla
477 845 524 886 ad
558 845 858 902 ignoscendum
880 846 966 887 dari
992 845 1120 902 possit
1140 848 1153 887 ?
1189 846 1262 902 qui
1293 861 1334 887 se
1364 846 1502 902 ipsum
1525 845 1669 897 oderit,
1693 845 1765 903 qui

233 912 393 945 metuat
412 918 575 955 omnes,
595 902 665 960 qui
700 919 819 946 suam
856 918 1023 945 causam
1040 903 1200 948 nemini
1230 903 1671 957 committerelaudeat,
1693 903 1768 959 qui

233 976 276 1003 se
307 960 393 1017 ipse
423 961 701 1006 condemnet?
753 963 987 1018 Nunquam
1027 976 1103 1019 ego
1134 960 1377 1019 sanguinem
1409 961 1583 1017 expetivi
1614 970 1764 1003 tuum:

231 1033 451 1075 nunquam
482 1017 582 1061 illud
618 1028 865 1070 extremum,
901 1019 1011 1075 quod
1052 1030 1188 1074 posset
1217 1034 1304 1061 esse
1337 1018 1537 1074 improbis
1558 1028 1598 1060 et
1628 1017 1767 1074 probis

160 1083 213 1131 75
234 1091 477 1128 commune,
496 1075 747 1133 supplicium
766 1076 865 1132 legis
882 1075 1109 1133 acjudicii:
1134 1077 1201 1118 sed
1215 1077 1441 1134 abjectum,
1459 1085 1765 1132 contemptum,

232 1135 474 1190 despectum
507 1135 532 1175 Ξῑ
567 1133 740 1185 caeteris,
762 1136 787 1175 ὲ,
806 1143 845 1175 te
866 1132 954 1188 ipso
990 1134 1246 1189 desperatum
1269 1143 1309 1176 et
1342 1134 1548 1186 relictum,
1581 1133 1766 1176 circum-

230 1201 483 1247 spectantem
505 1191 661 1243 omnia,
681 1190 881 1249 quidquid
896 1190 1164 1247 increpuisset
1181 1191 1556 1248 pertimescentem,
1574 1190 1767 1233 diffiden-

230 1260 316 1291 tem
339 1249 420 1290 tuis
440 1249 575 1299 rebus,
600 1248 687 1290 sine
716 1264 830 1298 voce,
849 1248 937 1289 sine
958 1249 1162 1301 libertate,
1186 1250 1272 1291 sine
1292 1248 1547 1300 auctoritate,
1567 1247 1655 1290 sine
1681 1248 1770 1295 ulla

233 1306 368 1364 specie
390 1305 629 1358 consulari,
652 1307 905 1357 horrentem,
927 1317 1188 1359 trementem,
1218 1306 1453 1349 adulantem
1470 1320 1618 1348 omnes
1634 1305 1770 1348 videre

623 1364 765 1407 Quare
786 1364 819 1404 si
839 1362 914 1404 tibi
946 1364 1138 1414 evenerit,
1162 1365 1272 1420 quod
1293 1363 1461 1415 metuis,
1493 1379 1546 1406 ne
1576 1362 1765 1416 accidat3

228 1421 424 1479 equidem
441 1436 526 1463 non
550 1421 724 1463 moleste
745 1421 900 1462 feram:
935 1420 998 1462 sin
1019 1421 1057 1462 id
1092 1421 1247 1463 tardius
1268 1420 1374 1462 forte
1395 1419 1608 1473 fietkfruar
1627 1430 1769 1468 tamen

228 1483 303 1522 tu&
330 1478 600 1536 indignitate:
635 1494 710 1520 nec
742 1478 885 1519 minus
922 1477 1094 1520 libenter
1115 1488 1370 1520 metuentem
1400 1478 1564 1529 videbo,
1595 1492 1648 1519 ne
1675 1493 1767 1520 reus

227 1537 319 1588 fias,
357 1539 488 1593 quam
521 1551 661 1578 reum:
694 1551 771 1583 nec
802 1535 945 1578 minus
967 1535 1154 1588 laetabor,
1177 1538 1277 1578 cum
1296 1545 1335 1578 te
1355 1550 1516 1593 semper
1535 1534 1768 1589 sordidum,

231 1596 361 1653 quam
382 1594 416 1636 si
436 1593 641 1650 paulisper
661 1593 916 1636 sordidatum
934 1593 1130 1637 viderem.

277 1748 329 1780 64.
357 1745 460 1786 Socii]
479 1747 565 1779 Socii
581 1746 629 1779 illi
645 1747 758 1790 populi
773 1747 976 1785 dicebantur,

231 1791 422 1833 quibuscum
438 1793 536 1834 aequis
563 1791 815 1831 conditionibus,
831 1801 864 1825 et
884 1802 978 1835 aequo

230 1837 302 1877 jure
314 1848 345 1868 se
359 1837 500 1868 Romani
515 1836 767 1878 adetringebant.

278 1881 330 1911 65.
342 1881 682 1923 Foederati.]Foederati
696 1891 759 1912 non
772 1880 976 1922 distinguun-

232 1931 287 1956 tur
303 1923 322 1955 ὲ
337 1925 441 1962 socii&
465 1925 526 1956 nisi
550 1926 636 1967 quod
659 1925 780 1967 aliquid
804 1936 841 1956 ex
857 1925 977 1956 soedere

232 1968 355 2011 populo
375 1970 525 2000 Romano
548 1969 709 2001 deberent.
757 1969 858 2000 Verbi
874 1969 977 2011 grati&

232 2012 408 2044 mittebant
435 2013 564 2051 auxilia,
579 2024 680 2057 eaque
700 2024 829 2057 sumptu
845 2013 979 2057 proprio

231 2054 307 2089 cum
325 2067 373 2088 res
389 2057 548 2100 exigebat.

282 2101 329 2132 lb.
355 2101 485 2142 Lib-ml]
511 2101 625 2134 Liberi
653 2101 765 2144 populi
796 2110 897 2140 erant,
921 2101 978 2144 qui

236 2155 342 2188 teque
370 2145 456 2190 leges
473 2146 669 2190 accipiebant
698 2151 713 2176 a
736 2146 858 2191 populo
880 2148 978 2179 Rom.

1022 1746 1139 1788 quibus
1161 1758 1266 1789 neque
1288 1746 1425 1790 populus
1449 1748 1549 1778 Rom.
1560 1757 1613 1789 Jus
1625 1743 1765 1777 dicebat.

1068 1791 1116 1822 lb.
1150 1792 1371 1833 Stipendiarii]
1413 1791 1620 1834 stipendiarii
1651 1788 1766 1834 populi

1023 1835 1101 1867 dicti
1129 1844 1214 1874 sunt,
1239 1836 1295 1879 qui
1319 1834 1440 1876 aliquid
1470 1834 1592 1878 populo
1617 1835 1765 1874 Romane

1021 1879 1211 1922 pendebant,

1067 1925 1117 1954 83.
1147 1925 1269 1964 Semper
1293 1923 1466 1963 sordidum]
1507 1923 1681 1956 Sordidum
1711 1920 1765 1954 h'ic

1021 1968 1187 2011 intelligit,
1202 1968 1258 2011 qui
1274 1968 1308 1999 in
1324 1967 1473 2005 lamentis
1487 1978 1520 2000 et·
1535 1968 1625 2000 luctu
1640 1977 1766 2011 semper

1017 2020 1117 2089 Jacgj..
1133 2056 1350 2100 Sordiclatum.]
1361 2050 1566 2091 Sordidatnm
1575 2057 1655 2088 veri>
1671 2054 1768 2088 intel·
1824 2094 1827 2097 ἱ

1022 2101 1106 2143 ligit,
1116 2100 1171 2143 qui
1184 2100 1335 2132 obsoletis
1350 2100 1488 2132 vestibus
1499 2111 1567 2132 reus
1574 2099 1706 2132 amictus
1717 2106 1765 2132 est

1021 2146 1059 2178 ad
1075 2144 1326 2183 minerii-‚ordiam
1342 2145 1377 2179 in
1392 2155 1424 2179 se
1439 2143 1651 2180 excitandam.

1527 2924 1754 2973 ORATIO
