1872 3140
434 158 820 230 'ORATIOKPRO
848 160 901 204 T.
931 158 1119 202 ANNIO
1148 156 1390 202 MILONE.

153 271 236 314 unu
261 271 347 315 fuit
388 283 675 318 testamentum
705 276 823 317 simul
853 275 1059 332 obsignavi
1100 290 1192 317 cum
1236 273 1407 316 Clodio:
1451 281 1668 315 testamen-

153 340 241 370 tum
270 341 404 373 autem
434 334 565 387 paliuri
593 333 759 382 fecerat,
789 345 829 375 et
857 336 973 375 illum
1016 334 1224 374 haeredem
1266 343 1306 373 et
1335 345 1402 371 me
1430 331 1664 384 scripserat;

150 401 276 440 quem
292 388 419 442 pridie
449 387 549 430 hor&
577 390 695 431 tertii
724 391 900 432 animam
930 390 1135 432 efflantem
1164 389 1402 444 reliquisset,
1433 402 1526 428 eum
1555 401 1666 428 mor·
1682 389 1736 429 50

150 453 268 484 tuum
297 446 489 499 postridie
509 446 611 488 hor&
630 446 786 488 decim&
800 449 976 502 denique
998 449 1033 488 ei
1054 444 1350 488 nunciabatur?
1381 447 1396 468 ¹'
1418 447 1524 500 Age,
1536 445 1588 486 sit
1608 446 1664 486 ita

149 498 331 542 factum:
363 518 452 558 quse
473 519 601 553 causa,
623 520 692 544 cur
728 505 904 545 Romam
940 503 1205 559 properaret?
1247 517 1317 542 cur
1350 503 1392 542 in
1428 512 1590 543 noctem
1621 517 1663 543 se

146 557 397 609 conjiceret?
430 562 529 615 quid
561 561 752 602 afferebat
789 560 1022 602 festinatio?
1054 559 1166 614 quod
1186 562 1315 600 haeres
1336 559 1451 601 erat?
1482 558 1663 614 primurn

142 625 235 655 erat
255 616 371 665 nihil,
407 632 478 657 cur
508 631 720 672 properato
755 633 853 672 opus
875 629 1002 658 esset:
1032 618 1195 666 deinde,
1224 618 1255 657 si
1288 618 1385 670 quid
1414 628 1532 667 esset,
1564 617 1663 672 quid
1689 650 1691 652 .

150 673 317 713 tandem
339 687 437 722 erat,
468 677 575 728 quod
598 673 644 716 eft
663 685 782 714 nocte
815 674 1007 729 consequi
1046 686 1178 729 posset
1196 690 1208 723 ;
1238 674 1440 715 amitteret
1460 684 1610 724 autern,
1630 674 1661 714 si
1681 675 1733 716 55

136 729 343 784 *postridie
378 746 496 771 mane
527 732 704 771 Romam
739 730 943 772 venisset?
975 732 1115 784 Atque
1137 741 1182 771 ut
1202 731 1259 772 illi
1281 741 1503 771 nocturnus
1525 733 1574 772 ad
1595 746 1664 772 ur-

149 786 244 826 bem
270 788 464 828 adventus
484 788 668 828 vitandus
689 786 837 842 potius,
859 787 983 844 quum
1018 788 1269 842 expetendus
1288 785 1391 828 fuit:
1419 789 1472 828 sic
1497 787 1665 838 Miloni,

147 839 245 882 curn
264 843 472 885 insidiator
492 855 607 894 esset,
639 846 671 885 si
705 846 819 885 illum
852 847 903 886 ad
923 846 1065 886 urbem
1085 855 1208 886 noctu
1230 858 1481 887 accessurum
1502 846 1665 895 sciebat,

147 900 446 942 subsistendum
466 912 587 956 atque
608 903 907 956 expectandum
927 902 1018 944 fuit.

849 1014 864 1035 ¹³
882 1021 967 1055 esto.

189 1182 239 1211 48.
259 1180 466 1213 Testamentum
486 1183 575 1213 simul
587 1183 762 1224 obsignavi]
780 1186 815 1215 In
833 1191 878 1215 te-

147 1226 313 1255 stamentis
325 1227 473 1257 faciendis
482 1234 602 1266 septem
616 1234 707 1258 testes
718 1229 878 1259 debebant

145 1267 264 1304 adesse,
291 1269 402 1299 deinde
433 1270 569 1301 haercdes
593 1270 833 1301 subscribebant
848 1278 880 1301 et

145 1311 355 1350 obsignabant
367 1320 605 1344 testamentum.
630 1316 756 1345 Poterat
770 1322 880 1346 autem

144 1355 218 1393 quis
234 1355 334 1385 haeres
351 1357 438 1387 testis
450 1364 570 1393 esse‚ut
585 1367 623 1387 ex
641 1358 702 1388 hoc
718 1358 879 1389 Ciceronis
895 1371 898 1376 ’

145 1395 216 1431 loco
231 1398 400 1438 colligitur.

187 1441 239 1470 50.
257 1440 340 1471 Horti
356 1443 469 1482 tei-lid]
486 1445 518 1473 Id
530 1447 588 1479 est,
605 1441 688 1474 nonss
706 1442 820 1474 nostr&-

186 1483 238 1515 51.
250 1483 335 1515 Hora
347 1485 482 1529 decium-J
488 1484 600 1518 Nostrss
610 1485 722 1529 quartzi
733 1481 878 1520 serotina.

963 1185 1016 1215 5¹2.
1030 1183 1090 1214 Cur
1101 1184 1130 1214 in
1142 1184 1317 1223 noctem.]1d
1326 1191 1444 1222 est,cur
1456 1184 1517 1215 viae
1527 1194 1559 1216 se
1571 1193 1664 1217 com-

921 1229 1060 1258 mitteret
1074 1225 1148 1257 hor-51
1158 1225 1284 1268 quarta,
1297 1228 1421 1259 duabus
1432 1232 1506 1258 ante
1513 1229 1661 1260 noctem?

965 1273 1018 1302 54.
1046 1271 1173 1306 Deinde,
1200 1270 1224 1300 .ςί
1252 1270 1321 1310 qnid
1346 1272 1440 1310 esset]
1464 1271 1554 1302 Nihil
1583 1279 1662 1302 tunc

923 1315 1037 1345 Roma:
1050 1321 1148 1345 noctu
1165 1321 1220 1345 aut
1236 1315 1273 1344 de
1290 1315 1486 1351 inmeditate,
1502 1321 1558 1346 aut
1574 1316 1661 1355 apud

925 1359 1080 1388 Senatum
1097 1367 1186 1397 agere
1199 1364 1331 1397 poterat.

965 1402 1018 1432 59.
1034 1399 1277 1441 Subsistendmn]
1297 1401 1330 1431 Id
1346 1407 1402 1437 est,
1415 1401 1450 1431 in
1466 1400 1573 1441 aliquo
1590 1401 1662 1432 loco

923 1445 1037 1474 furtim
1051 1444 1249 1474 manendum
1265 1450 1295 1474 et
1311 1445 1547 1484 expectandum
1563 1445 1597 1476 in
1611 1442 1661 1476 in-

923 1488 1022 1526 sidiis,
1035 1488 1139 1528 quoad
1156 1486 1287 1518 Clodius
1304 1488 1434 1522 veniret.

593 1702 874 1744 SECUNDA
903 1702 1058 1743 PROB
1067 1702 1218 1753 ATIO.

375 1817 413 1854 A
431 1815 748 1863 concomitantibus,
766 1816 839 1854 sive
855 1816 898 1854 ab
916 1816 999 1866 ipsis
1001 1815 1106 1867 facti
1122 1815 1407 1854 circumstantiis.

197 1925 273 1968 XI.
302 1926 455 1979 Noctu,
478 1928 675 1970 invidioso
704 1937 748 1969 et
768 1929 889 1983 pleno
909 1928 1114 1969 latronum
1135 1926 1176 1966 in
1195 1928 1286 1968 loco
1315 1926 1551 1977 occidissem
1581 1941 1655 1969 ne·
1690 1940 1700 1953 -’

141 1999 210 2026 mo
230 1985 268 2026 ei
287 1989 452 2040 neganti
471 2001 555 2027 non
571 1985 819 2033 credidisset,
840 1999 962 2038 quern
977 1999 1062 2025 esse
1078 1998 1218 2025 omnes
1233 1985 1403 2033 salvum,
1419 1985 1540 2026 etiam
1556 1999 1654 2026 con—

139 2042 343 2093 fitentem,
363 2044 518 2084 volunt.
559 2049 572 2063 ¹³
591 2043 850 2083 Sustinuisset
870 2043 948 2082 hoc
967 2041 1121 2083 crimen
1141 2039 1319 2095 primum
1340 2042 1425 2096 ipse
1443 2042 1510 2082 ille
1530 2044 1655 2083 latro·-

138 2113 241 2140 num
260 2101 494 2150 occultator,
526 2111 566 2141 et
586 2111 811 2153 receptator
832 2100 958 2148 locus,
979 2100 1077 2139 dum
1098 2112 1233 2153 neque
1262 2109 1374 2140 muta
1393 2100 1570 2140 solitudo
1590 2099 1654 2138 in-

138 2153 320 2206 dicasset,
339 2171 473 2211 neque
506 2173 609 2199 caeca
645 2172 730 2197 nox
765 2157 1002 2198 ostendisset
1033 2156 1259 2197 Milonem:
1288 2156 1436 2197 deinde
1457 2156 1512 2196 ibi
1533 2156 1650 2197 multi
1670 2168 1697 2206 5
1745 2155 1748 2158 ⁴

139 2213 189 2253 ab
227 2214 296 2254 illo
315 2214 466 2264 violati,
487 2215 658 2270 spoliati,
677 2215 793 2254 bonis
814 2214 985 2267 expulsi,
1004 2213 1123 2254 multi
1145 2213 1266 2254 etiam
1287 2214 1373 2254 haec
1394 2214 1585 2254 timentes
1608 2214 1651 2253 in

138 2271 407 2326 Suspicionem
427 2274 642 2321 caderent3
673 2282 757 2312 tota
776 2271 953 2326 denique
981 2286 1048 2311 rea
1068 2271 1259 2311 citaretur
1277 2269 1451 2313 Etruria.

1511 2271 1653 2327 Atque

541 2407 555 2424 ⁸
571 2403 682 2441 locam
700 2403 809 2453 ipsum
827 2415 940 2440 omnes
954 2401 1236 2440 criminarentur.

180 2570 212 2599 4.
231 2567 271 2599 Et
298 2574 450 2610 receptator
476 2568 582 2611 locus]
611 2571 649 2601 In
682 2568 731 2600 visi
765 2567 867 2610 Appii

138 2620 391 2644 monumentum
406 2620 451 2643 est
462 2614 568 2644 Basilii
580 2625 588 2651 3
604 2615 660 2654 qui
673 2615 761 2644 locus
773 2614 867 2644 latro·

138 2657 230 2687 ciniis
244 2656 303 2686 fuit
320 2657 456 2693 infamis,
476 2664 512 2687 ut
527 2658 617 2687 refert
632 2657 785 2688 Asconius
807 2658 869 2687 Pe-

138 2700 260 2730 dianus.
279 2699 382 2729 Vocat
391 2706 497 2730 autem
509 2707 734 2740 receptatorem
744 2700 866 2736 locum,

115 2777 121 2781 ,
136 2743 214 2786 quia
225 2741 263 2772 eo
276 2752 308 2773 se
322 2743 455 2782 recipere
465 2743 503 2773 ad
515 2742 767 2774 latrocinandum
785 2744 869 2774 fures

138 2784 293 2823 solebant,
305 2784 490 2826 metaphora*
505 2784 632 2824 sumpts
647 2787 687 2816 ab
701 2787 737 2817 iis
753 2787 806 2826 qui
824 2785 869 2816 la-

138 2835 253 2865 trones,
268 2836 299 2860 et
320 2838 432 2860 eorum
448 2830 531 2859 furta
546 2829 712 2868 recipiunt,
737 2836 768 2860 et
784 2829 868 2869 apud

138 2882 171 2902 se
187 2873 371 2903 recondunt.

160 2915 207 2948 lb.
218 2915 314 2948 Muta
325 2913 469 2959 solitudo]
486 2916 580 2947 Muta
588 2914 726 2947 solitudo
740 2915 867 2954 dicitur,

911 2568 1000 2611 quod
1013 2569 1138 2600 facinus
1153 2575 1264 2605 taceat,
1282 2575 1318 2600 ut
1333 2576 1417 2600 caeca
1433 2578 1507 2605 nox,
1525 2579 1598 2612 quae
1615 2569 1649 2602 id

911 2613 1075 2650 occultat3
1106 2619 1260 2652 tanquam
1283 2614 1352 2644 haec
1376 2621 1441 2642 non
1453 2613 1569 2651 videat,
1591 2613 1648 2646 illa

913 2666 978 2686 non
994 2656 1151 2696 loquatur.
1325 2680 1335 2683 -

956 2700 985 2729 6.
1004 2698 1138 2742 Ahala]
1161 2699 1280 2730 Clodio.

955 2742 1149 2784 7.Ecruria.]
1173 2742 1316 2772 Etruscos
1339 2751 1423 2782 saepe
1448 2741 1578 2774 Clodius
1593 2751 1644 2773 ar-

912 2787 974 2817 mis
1000 2785 1115 2826 pellere
1143 2786 1207 2816 suis
1235 2786 1482 2824 possessionibus
1511 2793 1644 2818 conatus

910 2836 987 2859 erat.
1035 2829 1158 2859 Etruria
1176 2827 1269 2868 porro
1285 2835 1330 2858 est
1348 2828 1444 2859 ltaliae
1459 2830 1557 2870 regio,
1573 2839 1645 2868 quae

911 2872 1076 2912 Tyrrheno
1100 2872 1177 2903 mari
1207 2871 1378 2908 incumbit,
1404 2878 1436 2902 et
1450 2873 1489 2903 ad
1504 2873 1646 2916 primam

912 2924 1016 2958 usque
1031 2915 1153 2948 Tiberis
1167 2915 1267 2956 ripam
1282 2915 1490 2957 protenditur.

1584 2958 1651 3003 die

1658 160 1739 201 327
