1872 3135
132 129 216 169 218
613 124 683 168 M.
713 120 919 166 TULLII
952 119 1275 166 CICERONIS

213 235 459 281 *castrensis
478 236 578 280 ratio
598 252 644 278 ac
664 234 878 288 militaris;
905 235 989 292 qua
1018 235 1062 279 in
1092 245 1226 290 aetate,
1257 235 1337 279 nisi
1374 237 1445 295 qui
1477 253 1519 283 se
1548 239 1633 298 ipse
1652 241 1726 284 sua

209 292 418 351 gravitate,
440 303 480 336 et
509 293 767 345 castimonia,
800 302 841 334 et
875 294 974 334 cum
993 293 1210 350 disciplina
1226 294 1465 348 domestica,
1486 307 1577 341 tum
1596 297 1726 341 etiam·
1748 323 1769 350 .⁴

211 352 229 376 ¹²
266 349 439 394 naturali
470 350 650 406 quodam
678 349 788 392 bono
809 349 1078 392 defenderat:
1111 365 1277 408 quoquo
1307 353 1433 395 modo
1461 356 1487 397 ὲ,
1516 355 1598 398 suis
1628 368 1750 397 cus-·

211 408 366 451 toditus
413 417 532 459 esset,
576 417 716 449 tamen
771 405 988 461 infamiam
1029 418 1165 449 veram
1207 410 1381 466 effugere
1424 426 1510 454 non
1557 420 1722 467 poterat.

137 471 190 509 25
213 465 292 509 Sed
323 463 394 521 qui
438 464 570 521 prima
610 463 678 505 illa
709 463 826 506 initia
856 463 988 505 aetatis
1019 463 1176 520 integra
1204 474 1323 520 atque
1352 466 1545 512 inviolata
1573 477 1588 495 ⁶
1617 484 1726 526 prae-⁴

213 520 377 564 stitisaet
388 537 401 574 3
449 521 499 562 de
537 522 622 578 ejus
653 519 765 564 fama
793 537 840 563 ac
871 521 1083 577 pudicitia,
1116 522 1214 563 cum
1245 521 1279 563 is
1301 522 1392 579 jam
1413 539 1455 566 se
1483 527 1500 552 ‘¹
1527 527 1724 569 corroboa

212 577 394 630 ravisset,
426 593 471 620 ac
512 578 572 621 vir
607 578 711 620 inter
748 578 854 620 viros
896 587 1016 630 esset,
1055 592 1180 620 nemo
1219 578 1473 635 loquebatur.
1561 584 1728 627 Studuit

213 634 423 687 Catilinae‚
447 637 547 678 cum
567 635 656 693 jam
688 635 845 693 aliquot
874 650 1004 677 annos
1034 644 1137 676 esset
1167 635 1211 677 in
1239 635 1327 677 foro
1347 637 1526 690 Coelius,
1546 641 1727 685 etmulti

209 692 289 734 hoc
310 691 418 734 idem
451 706 506 735 ex
533 694 651 739 omni
680 694 821 736 ordine
852 702 972 750 atque
994 707 1041 734 ex
1063 693 1180 734 omni
1201 703 1318 735 aetate
1339 693 1520 738 fecerunt
1538 703 1555 748 ς’
1581 696 1726 741 habuit

137 755 196 795 30
210 748 323 792 enim
350 749 434 802 ille,
465 750 585 793 sicuti
619 751 859 794 meminisse
891 766 962 792 vos
997 749 1182 802 arbitror,
1214 751 1416 806 permulta
1449 752 1724 798 maximarum

209 815 331 851 none
363 822 549 864 expressa
582 807 714 866 signa,
746 809 814 850 sed
840 809 853 834 ¹⁶
871 807 1109 850 adumbrata
1123 807 1319 850 virtutum
1335 825 1348 860 3
1379 809 1568 853 utebatur
1586 810 1727 855 homi..

211 863 337 907 nibus
370 865 568 921 improbis
599 865 756 917 multis,
792 876 832 908 et
863 866 1029 922 quidem
1064 864 1232 920 optimis
1254 881 1294 907 se
1313 864 1407 908 viris
1437 867 1621 910 deditum
1641 883 1728 911 esse

212 921 464 975 simulabat3
496 933 610 965 erant
640 924 746 980 apud
780 923 896 965 illum
934 922 1135 964 illecebrae
1165 921 1386 965 libidinum
1408 923 1581 967 multae:
1614 934 1729 970 erant

212 978 337 1021 etiam
369 978 580 1022 industriae
614 982 783 1039 quidam
813 979 968 1022 stimuli
987 994 1034 1020 ac
1054 979 1203 1021 laboris
1222 999 1230 1027 ;
1263 980 1490 1037 flagrabant
1508 981 1606 1025 vitia
1624 981 1722 1025 libi-

138 1043 192 1079 35
210 1034 319 1078 dinis
340 1037 446 1093 apud
479 1037 624 1082 illum:
656 1037 845 1096 vigebant
863 1036 987 1079 etiam
1006 1037 1137 1079 studia
1167 1037 1222 1078 rei
1244 1037 1457 1091 militaris3
1489 1054 1620 1094 neque
1648 1055 1726 1098 ego

213 1108 400 1151 unquam
434 1094 557 1138 fuisse
592 1095 670 1137 tale
702 1105 936 1138 monstrum
957 1093 1001 1137 in
1023 1094 1136 1135 terris
1158 1094 1289 1136 ullum
1310 1104 1424 1150 puto,
1448 1105 1531 1138 tam
1552 1111 1601 1139 ex
1619 1110 1728 1140 eon-

212 1151 345 1193 trariis
381 1150 631 1210 diversisque
663 1152 768 1195 inter
788 1167 829 1194 se
849 1151 1129 1208 pugnantibus
1150 1162 1308 1193 naturae
1328 1152 1486 1205 studiis,
1520 1153 1724 1210 cupidita-

213 1206 405 1266 tibusque
437 1211 679 1253 conflatum.
760 1209 870 1253 Quis
914 1208 1149 1250 clarioribus
1193 1208 1288 1250 viris
1334 1211 1514 1266 quodam
1542 1217 1737 1267 tempore

206 1264 460 1321 jucundior?
513 1267 604 1325 quis
641 1267 887 1323 turpioribus
918 1266 1208 1324 conjunctior?
1277 1268 1369 1323 quis
1408 1267 1508 1310 civis
1541 1269 1726 1315 gmelio·

136 1327 195 1365 40
214 1336 306 1364 rum
343 1324 522 1378 partium
560 1324 812 1381 aliquando?
884 1324 973 1380 quis
1011 1325 1026 1349 ¹¹
1056 1323 1193 1365 tetrior
1231 1323 1360 1365 hostis
1400 1324 1498 1366 huic
1535 1325 1724 1370 civitati?

202 1379 306 1436 quis
335 1378 380 1421 in
409 1381 686 1437 voluptatibus
724 1381 1002 1437 inquinatior?
1038 1380 1129 1437 quis
1160 1381 1203 1422 in
1239 1380 1446 1423 laboribus
1477 1382 1720 1437 patientior?

212 1436 307 1492 quis
328 1436 372 1479 in
400 1439 615 1494 rapacitate
649 1439 830 1480 avarior?
865 1437 956 1491 quis
985 1438 1029 1479 in
1059 1438 1271 1494 largitione
1290 1438 1485 1480 effusior?
1521 1439 1597 1481 Illa
1615 1442 1728 1494 vero,

208 1491 395 1546 Judiees,
416 1495 461 1539 in
479 1494 549 1538 illo
570 1495 740 1538 homine
759 1495 964 1538 mirabilia
994 1494 1173 1546 fuerunt,
1198 1495 1542 1550 comprehendere
1574 1498 1729 1540 multos

214 1549 416 1603 amicitia,
470 1553 574 1594 tueri
625 1552 838 1609 obsequio,
894 1567 992 1594 cum
1029 1550 1226 1594 omnibus
1265 1553 1573 1596 communicare
1618 1555 1728 1611 quod

136 1613 192 1651 45
214 1606 409 1662 habebat,
428 1611 439 1636 ἱ
460 1610 604 1652 servire
637 1610 890 1665 temporibus
927 1624 1094 1652 suorum
1116 1610 1324 1662 omnium,
1356 1611 1544 1665 pecunia,
1579 1612 1725 1669 gratia,

211 1664 353 1708 labore
389 1666 587 1723 corporiS‚
619 1667 766 1709 scelere
798 1668 937 1719 etiam,
970 1667 1004 1708 si
1038 1682 1140 1722 opus
1170 1677 1289 1718 esset,
1311 1675 1350 1708 et
1370 1667 1566 1713 audacia:
1597 1670 1616 1694 k
1635 1684 1726 1712 ver-

213 1736 304 1765 sare
327 1737 444 1765 suam
467 1733 672 1777 naturam,
693 1733 733 1766 et
752 1739 885 1781 regere
916 1724 965 1766 ad
995 1732 1172 1779 tempus,
1204 1734 1325 1780 atque
1346 1724 1428 1765 huc
1448 1736 1486 1767 et
1508 1725 1605 1767 illuc
1638 1735 1726 1768 tor-

213 1794 339 1836 quere
370 1790 410 1822 et
446 1782 627 1824 flectere:
660 1797 757 1824 cum
793 1781 976 1823 tristibus
1013 1784 1164 1833 severe,
1202 1796 1299 1823 cum
1335 1781 1513 1824 remissis
1528 1784 1727 1839 jucunde,

217 1851 317 1878 cum
335 1837 502 1880 senibus
536 1838 724 1896 graviter,
757 1854 854 1880 cum
884 1839 1097 1895 juventute
1133 1837 1319 1890 com-iter,
1361 1854 1458 1881 cum
1489 1838 1729 1885 facinorosis

139 1898 196 1935 50
215 1892 420 1946 audacter,
441 1910 538 1937 cum
573 1895 798 1938 libidinosis
832 1895 1037 1938 luxuriose
1070 1895 1216 1937 vivere.
1277 1896 1374 1938 Hac
1410 1895 1477 1938 ille
1508 1906 1592 1939 tam
1619 1899 1733 1943 varia

215 1950 519 2009 multiplicique
553 1955 715 2006 natura,
756 1955 855 1995 cum
893 1969 1037 1995 omnes
1075 1953 1269 1995 omnibus
1299 1968 1350 1995 ex
1387 1953 1499 1996 terris
1536 1955 1727 1998 homines

211 2005 426 2063 improbos
446 2011 699 2068 audacesque
730 2010 960 2068 collegerat,
997 2022 1085 2055 tum
1120 2011 1243 2052 etiam
1280 2009 1431 2052 multos
1470 2011 1590 2053 fortes
1622 2012 1727 2055 viros

214 2073 256 2106 et
291 2063 439 2118 bonos,
472 2067 605 2121 specie
640 2069 819 2124 quadam
860 2067 1018 2110 virtutis
1054 2067 1317 2119 assimulatae,
1358 2068 1520 2110 tenebat
1531 2084 1545 2120 3
1593 2083 1728 2126 neque

213 2136 402 2178 unquam
421 2138 470 2165 ex
505 2124 572 2165 illo
607 2125 766 2167 delendi
797 2125 1109 2181 hujus'imperii
1131 2136 1214 2166 tam
1236 2124 1532 2168 consceleratus
1553 2124 1729 2181 impetus

141 2184 194 2221 55
214 2178 448 2231 exstitisset,
471 2180 551 2223 nisi
571 2190 630 2237 tot
647 2181 841 2225 vitiorum
852 2178 972 2225 'tanta
992 2181 1227 2224 immanitas
1259 2182 1505 2238 quibusdam
1524 2182 1730 2227 facilitatis

214 2243 255 2278 et
275 2235 482 2292 patientiae
517 2238 719 2281 radicibus
756 2240 959 2282 niteretur.
1030 2240 1168 2282 Quare
1202 2238 1278 2280 ista
1315 2240 1512 2291 conditio,
1542 2240 1727 2297 Judices‚

213 2303 449 2347 respuatur:
479 2310 555 2336 nec
577 2296 769 2339 Catilinae
804 2295 1087 2339 familiaritatis
1121 2296 1275 2337 crimen
1310 2296 1488 2338 haercat:
1522 2308 1580 2338 est
1614 2299 1726 2343 enim

213 2364 440 2402 commune
473 2368 570 2394 cum
601 2353 758 2406 multis,
793 2370 890 2396 cum
925 2353 1172 2412 quibusdam
1206 2353 1329 2395 etiam
1360 2353 1492 2395 bonis.
1552 2355 1629 2396 Me
1658 2355 1724 2412 ip-

215 2421 326 2458 sum,
360 2423 445 2460 me,
479 2408 667 2467 inquam,
700 2413 908 2467 quondam
943 2411 1050 2467 pene
1088 2411 1155 2452 ille
1189 2409 1373 2465 decepit:
1421 2413 1519 2454 cum
1555 2422 1595 2454 et
1628 2412 1728 2455 civis

141 2465 198 2506 50
213 2464 321 2510 mihi
340 2463 491 2519 bonus,
513 2476 554 2508 et
574 2465 720 2523 optimi
742 2468 938 2525 cujusque
956 2467 1142 2525 cupidus,
1163 2476 1202 2508 et
1221 2468 1363 2510 firmus
1383 2467 1541 2511 amicus
1558 2484 1605 2511 ac
1622 2469 1723 2513 fide-

266 2550 283 2570 ²
294 2548 484 2598 disciplina
497 2551 675 2592 militaris.
727 2550 744 2574 b
749 2552 928 2602 probitate
938 2563 1081 2590 παίω-ιε.
1137 2558 1151 2576 ⁶
1164 2552 1341 2590 servasset.
1398 2552 1413 2575 ‘¹
1421 2554 1600 2603 grandior
1604 2556 1726 2603 factus

214 2609 308 2637 esset.
362 2606 376 2623 ⁶
395 2602 593 2642 declarata.
644 2601 763 2651 sficm.
816 2609 832 2634 g
861 2606 921 2654 qui
942 2607 1062 2656 plures
1089 2606 1194 2644 bonos
1215 2605 1334 2642 habuit
1351 2607 1527 2651 fautores.
1582 2604 1724 2657 hpcgjor.

214 2649 227 2675 ²
243 2652 421 2690 subvenire
428 2656 603 2704 periculis
622 2659 781 2693 onmium.
836 2655 853 2679 ¹<
873 2667 1022 2694 mutare.
1660 2691 1663 2694 .

253 2733 306 2762 27.
320 2731 443 2765 studuit
464 2736 627 2776 Caluina]
652 2738 782 2769 studuit
799 2738 945 2771 Catilinae
987 2738 1134 2781 jiciatur3
1156 2722 1301 2780 respuere
1313 2739 1397 2771 enim
1420 2739 1578 2782 significat
1594 2713 1727 2783 tepuisti-

205 2774 430 2824 chmsecundo
445 2782 640 2812 consulatum
652 2781 775 2823 petivit.
989 2793 1055 2819 are,
1077 2791 1108 2813 et
1123 2783 1213 2825 quasi
1235 2794 1309 2816 cum
1323 2790 1417 2828 sputo
1431 2795 1488 2828 per
1503 2792 1723 2829 contemptum

212 2869 214 2872 Ι
244 2819 297 2850 50.
313 2820 451 2856 Conditio
465 2825 645 2872 respuatur]
660 2827 723 2858 Ista
738 2824 878 2870 objectio
892 2834 945 2859 re-
987 2826 1129 2869 rejicere.
1518 2847 1522 2850 -

1672 2870 1723 2914 lis
