1872 3135
116 1663 128 1682 Ι

626 169 695 213 Μ.
726 167 937 212 TULLII
969 169 1293 214 CICERONIS

292 284 353 326 ΙΙ.
385 283 601 326 Adductus
620 299 729 333 sum,
751 283 933 334 Judices,
956 284 1107 336 officio,
1131 284 1225 337 fide,
1258 283 1549 336 misericordia,
1587 283 1744 327 multo-

234 355 327 382 rum
349 341 553 382 bonoium
573 342 775 395 exemplo,
811 341 933 382 veteri
968 343 1279 394 consuetudine,
1307 341 1577 399 institutoque
1608 342 1743 396 majo-

235 412 343 450 rum,
368 409 412 439 ut
432 413 536 440 onus
558 400 635 439 hoc
658 397 806 438 laboris
827 407 949 454 atque
977 399 1118 450 officii,
1142 414 1226 440 non
1247 415 1297 441 ex
1317 415 1427 451 me0,
1453 401 1522 441 sed
1543 415 1590 441 ex
1623 413 1743 443 meo-

232 469 325 496 rum
341 455 662 496 necessariorum
682 464 864 510 tempore
879 454 984 496 mihi
1005 455 1312 512 suscipiendum
1333 466 1533 512 putarem.
1583 455 1709 500 Quo
1699 471 1745 520 [ιι

191 522 213 556 5
231 512 396 569 negotio
414 522 551 554 tamen
573 512 642 553 illa
654 527 720 553 me
735 527 810 564 res,
824 511 1007 564 Judices,
1031 513 1281 566 consolatur,
1304 514 1414 570 quod
1436 515 1542 565 haec,
1565 529 1659 570 quae
1678 512 1742 557 vi-

227 557 344 610 detur
364 584 449 610 esse
470 570 676 611 accusatio
699 585 805 620 mea,
829 585 913 610 non
935 570 1071 625 potius
1091 571 1295 612 accusatio
1316 586 1442 626 quam
1470 571 1653 613 defensio
1683 578 1745 613 est

227 626 511 668 existimanda
543 626 734 668 Defendo
750 627 863 668 enim
878 628 1030 669 inultos
1044 627 1251 679 mortales,
1262 628 1413 669 multas
1428 627 1622 679 civitates,
1641 643 1738 684 pro-

226 683 408 725 vinciam
432 682 619 727 Siciliam
642 693 782 727 totam

843 685 1132 727 Quamobrem
1153 684 1186 726 si
1208 685 1312 727 mihi
1334 699 1441 726 unus
1457 693 1517 726 est
1540 699 1738 727 accusau-

225 740 317 793 dus,
339 743 639 798 propemodum
661 756 825 784 manere
847 741 888 783 in
910 742 1096 784 instituto
1118 758 1212 784 meo
1230 742 1382 794 videor,
1405 750 1444 784 et
1462 757 1549 783 non
1565 741 1741 786 omnino

159 808 209 842 )O
223 813 248 840 a
267 798 529 841 defendendis
547 800 803 851 bominibus,
825 799 1166 856 sublevandisque
1183 801 1399 842 discedere.
1433 799 1561 843 Quod
1583 798 1615 840 si
1632 800 1740 842 hanc

221 870 386 897 causam
405 865 490 897 tam
505 856 711 908 idoneam,
732 867 816 898 tam
836 856 1049 909 illustrem,
1069 866 1155 898 tam
1169 872 1334 913 gravem
1351 872 1436 899 non
1456 856 1671 899 haberem:
1705 855 1740 899 si

219 922 289 954 aut
310 914 424 954 hoc
409 929 435 955 a
454 929 521 956 me
542 914 669 957 Siculi
701 930 786 955 non
809 914 1032 969 petiissent,
1056 924 1125 956 aut
1156 914 1260 955 mihi
1300 930 1396 955 cum
1434 914 1583 956 Siculis
1615 929 1740 957 causa

219 979 345 1012 tantae
380 971 690 1013 necessitudinis
713 987 795 1012 non
819 972 1094 1023 intercederet,
1117 981 1156 1012 et
1177 973 1271 1023 hoc,
1295 971 1404 1028 quod
1425 970 1546 1023 facio,
1568 986 1637 1013 me
1657 972 1736 1014 rei-

218 1027 319 1082 pub.
343 1031 464 1070 causa
503 1028 632 1070 facere
665 1030 885 1085 profiterer,
918 1038 962 1070 ut
983 1030 1110 1071 homo
1133 1029 1328 1092 singulari
1348 1027 1584 1093 cupiditate,
1606 1029 1734 1072 auda.-

152 1092 200 1127 15
219 1100 296 1136 cia,
309 1085 456 1127 scelere
473 1087 682 1140 praeditus,
695 1103 743 1127 cu
764 1102 810 1128 us
827 1085 933 1128 fulta
951 1096 1070 1142 atque
1088 1086 1240 1142 flagitia
1260 1101 1345 1128 non
1359 1102 1402 1127 1n
1422 1085 1564 1128 Sicilia
1579 1087 1733 1138 solum,

215 1142 309 1184 sed
301 1158 341 1183 in
357 1143 533 1195 Achaia,
550 1145 666 1195 Asia,
679 1144 842 1195 Cilicia,
857 1144 1118 1207 Pampbvlia,
1131 1145 1277 1186 Ronre
1291 1143 1481 1206 denique
1484 1153 1577 1184 ante
1592 1145 1735 1186 oculos

215 1199 408 1240 omnium
429 1202 611 1242 maxima
626 1202 940 1257 tuipissimaque
953 1208 1184 1253 nossemuS,
1202 1209 1297 1243 mea
1309 1212 1452 1258 agente
1473 1200 1516 1242 in
1525 1201 1734 1258 judicium

214 1267 447 1298 vocaretur.
482 1258 573 1314 quis
609 1260 775 1301 tandem
810 1268 928 1310 esset,
966 1259 1035 1315 qui
1071 1273 1212 1300 meum
1244 1258 1398 1300 factum
1421 1266 1489 1300 aut
1510 1257 1730 1301 consilium

214 1323 351 1370 posset
369 1316 680 1370 reprehendere
671 1318 686 1348 ³
736 1316 850 1359 Quid
872 1325 946 1367 est,
970 1317 1072 1371 proh
1088 1317 1231 1357 Deum
1253 1316 1555 1373 hominumque
1577 1315 1725 1357 fidem.
1717 1316 1725 1345 ⁸

142 1379 256 1414 201n
279 1387 360 1429 quo
381 1387 455 1430 ego
472 1373 629 1430 ieipub.
654 1374 746 1431 plus
766 1375 844 1415 hoc
863 1382 1045 1429 tempore
1067 1374 1253 1430 prodesse
1275 1374 1457 1430 possim?
1505 1372 1620 1418 Quid
1651 1383 1727 1426 est,

851 1495 866 1513 ³
883 1497 1077 1527 accusante.

254 1645 281 1673 1.
301 1643 430 1686 Officia]
458 1642 540 1675 Cum
562 1645 736 1686 Qaestor
728 1656 759 1675 m
775 1644 880 1677 Sicilia
891 1643 939 1675 fu-

207 1684 279 1718 isset
309 1689 434 1725 Cicem,
459 1688 643 1729 petentibus
663 1689 776 1721 Siculus
800 1689 941 1722 officium

201 1731 360 1773 denegare
376 1742 440 1762 non
453 1731 577 1763 debuit.

246 1774 408 1816 1b.F1‘de.]

200 1817 249 1850 dis
261 1829 374 1851 eorum
389 1830 454 1851 non
467 1819 771 1858 defuturum‚fiden1
789 1830 941 1864 praestare

198 1863 321 1895 debuit.

244 1907 290 1938 lb.
312 1907 552 1948 Misericordia]
580 1907 664 1940 Cum
689 1908 864 1940 crudeliter
889 1909 938 1941 Si-

198 1950 263 1983 culi
275 1960 477 1989 vexarentur,
496 1953 606 1984 debuit
623 1964 675 1984 eos
691 1953 866 1984 sublevare.

241 1997 275 2027 2.
294 1996 465 2038 Emmnplo]
490 1997 570 2028 Pub.
590 1997 745 2039 Sulpitius
758 1999 794 2029 C.
808 1997 936 2029 Norba-

196 2048 275 2072 num
292 2040 395 2072 civem
413 2041 599 2072 seditiosum
610 2041 703 2083 injus
715 2042 853 2073 vocavit.
892 2043 935 2072 L.

194 2084 308 2117 Fusius
338 2088 384 2117 M.
411 2085 584 2127 Aquilium
621 2086 792 2118 accusavit.
850 2085 935 2117 Vide

192 2128 240 2161 lib
254 2131 284 2160 9,.
299 2128 380 2161 offic.

239 2173 285 2205 Ib.
303 2173 541 2216 Consuetudim]
567 2175 641 2205 Non
665 2172 880 2205 adolescentes
896 2180 932 2204 ut

191 2224 268 2250 tunc
285 2218 454 2260 temporis;
479 2219 532 2250 sed
553 2218 613 2260 ipsi
630 2217 691 2249 viri
708 2228 822 2260 graves
837 2229 930 2249 accu-

191 2272 260 2294 sare
277 2270 520 2300 consueverant,
541 2260 613 2293 cnm
629 2263 668 2293 de
686 2262 813 2304 Repub.
830 2269 862 2293 et
875 2272 930 2304 pa-

191 2306 330 2338 trocinio
352 2306 520 2349 agebatur,
537 2315 622 2338 nunc
641 2314 750 2338 autem
765 2306 873 2349 agitur
890 2306 930 2337 de

188 2350 370 2392 patrocinio
386 2350 578 2382 Siculorum.

235 2395 266 2427 3.
281 2396 357 2425 Non
367 2405 403 2435 cr
418 2406 491 2432 meo,
507 2396 566 2432 sed,
589 2394 662 2437 Sca]
699 2394 928 2426 Hotomannus

186 2438 281 2470 docet
297 2438 350 2470 hic
366 2446 495 2481 tempus
511 2450 569 2480 pro
581 2439 705 2470 ratione
720 2438 926 2480 negotiorum

188 2482 276 2524 poni,
291 2483 325 2514 id
348 2490 406 2520 est,
432 2483 614 2521 commodo,
638 2482 692 2514 vel
717 2482 924 2513 incommodo

186 2527 376 2564 recenti,c1u·
389 2538 425 2558 ex
436 2534 581 2569 tempore
593 2526 853 2569 prospiciendum
866 2534 923 2557 est.

226 2574 257 2602 4.
274 2571 543 2613 Nesei-sariorum]
568 2573 652 2603 Cum
677 2569 791 2604 Siculis
810 2571 922 2600 amici-

182 2614 262 2646 tiam
275 2615 425 2656 junxerat
443 2615 570 2653 Cicero,
585 2616 617 2647 in
634 2626 716 2657 quos
730 2622 848 2657 praeter
860 2625 920 2646 cae-

181 2666 266 2691 teres
280 2659 455 2690 necessaria
467 2659 572 2691 officia
584 2659 728 2691 conferre
743 2658 865 2690 debuit.

225 2704 255 2734 8.
272 2702 308 2733 Si
318 2704 390 2733 milze'
404 2704 509 2746 mmm]
545 2705 573 2735 Is
599 2714 708 2736 sensus
731 2711 790 2740 est,
805 2703 864 2734 etsi
881 2713 919 2734 u-

177 2757 257 2779 num
272 2758 429 2784 accusem,
448 2757 554 2779 tamen
571 2747 640 2779 haec
664 2747 749 2779 actio'
779 2758 843 2778 non
870 2755 917 2779 est

177 2791 312 2823 dicenda
324 2791 494 2830 accusatio,
509 2793 562 2823 sed
573 2792 727 2829 defensio,
737 2791 812 2833 quia
825 2791 916 2822 Sicu-

176 2835 223 2867 i‘os
242 2846 315 2866 cum
335 2845 449 2866 eorum
473 2836 657 2871 civitatibus
678 2844 791 2869 contra
816 2845 916 2867 unum

176 2881 313 2915 Verrem
326 2878 471 2912 defendo.

970 1631 974 1633 ,
1032 1643 1060 1674 9.
1078 1645 1117 1675 In
1134 1644 1270 1676 instituto
1287 1643 1372 1687 mea]

436 1774 520 1808 Cum
536 1774 732 1818 promisisset
749 1788 779 1808 se
797 1787 939 1808 commo-
945 1789 947 1791 ’

1407 1643 1577 1677 Gloriatur
1608 1642 1725 1677 Cicero

986 1697 1068 1729 saepe
1097 1688 1217 1720 multos
1241 1689 1428 1728 defendisse,
1451 1688 1614 1720 neminem
1630 1694 1724 1720 accu-

985 1735 1077 1770 sasse,
1092 1733 1142 1763 vel
1155 1743 1281 1774 paucos.
1306 1741 1315 1751 “

1032 1777 1078 1806 ll.
1099 1776 1226 1807 cuasam
1236 1781 1298 1808 tam
1313 1776 1473 1820 idoneam]
1495 1775 1627 1808 Oratori
1653 1774 1723 1806 ido-

983 1830 1043 1851 nea
1063 1828 1110 1851 est
1138 1831 1230 1852 causa
1257 1822 1342 1853 unde
1366 1821 1426 1854 sibi
1441 1820 1579 1853 multam
1595 1819 1726 1852 laudem

985 1875 1171 1905 comparare
1194 1873 1310 1906 potest.

1028 1907 1073 1938 Ib.
1091 1909 1120 1940 T
1119 1920 1166 1940 am
1179 1908 1349 1952 illustrem]
1378 1907 1514 1940 Illustris
1528 1914 1575 1939 est
1587 1915 1722 1952 propter

985 1953 1162 1995 Qaestoris
1179 1963 1305 1991 munus,
1321 1953 1428 1996 quod
1421 1964 1454 1984 in
1466 1956 1504 1984 ea
1514 1952 1622 1995 gessit.

1026 1995 1322 2041 1b.1amg.ravem]
1358 1999 1497 2040 Propter
1510 2007 1561 2028 res
1573 2006 1719 2028 momen-

980 2040 1006 2071 ti
1022 2051 1100 2082 quas
1115 2042 1271 2080 continet,
1288 2042 1397 2097 gravis
1412 2049 1469 2073 est.

1024 2095 1074 2123 14.
1092 2086 1217 2125 Reipzeb
1228 2085 1342 2129 causti]
1365 2086 1481 2118 Cicero
1497 2083 1628 2115 Nullis·
1616 2084 1719 2114 mimi-

979 2130 1069 2167 citiis,
1097 2130 1187 2160 nullis
1211 2131 1341 2169 injuriis,
1366 2130 1448 2161 mello
1473 2128 1611 2170 praemio,
1634 2125 1717 2158 nullst

975 2174 1099 2213 denique
1115 2173 1177 2204 alid
1190 2175 1329 2216 re‚qmim
1344 2175 1476 2205 utilitate
1483 2172 1641 2210 communi,
1660 2172 1716 2202 nd-

975 2218 1089 2256 ductus,
1105 2219 1241 2250 Verrem
1264 2219 1297 2250 in
1317 2218 1477 2260 judicium
1496 2223 1599 2248 vocat.
1645 2217 1716 2248 Nec

975 2272 1171 2303 quemquam
1186 2263 1285 2294 alium
1299 2263 1468 2294 advocasse
1495 2262 1540 2292 ait
1571 2261 1653 2292 Ver.
1682 2261 1714 2292 5.

1022 2305 1340 2350 16.Aclzaic⁶1‚Asi‹3.]
1378 2305 1558 2338 Dolabellae
1587 2304 1713 2347 legatus

973 2351 1103 2389 Verres,
1119 2358 1151 2382 et
1167 2357 1368 2393 proquaestor
1382 2350 1486 2383 multa
1509 2349 1541 2380 in
1564 2347 1616 2380 his
1634 2358 1719 2391 pro-⁴

971 2394 1086 2425 vinciis
1112 2395 1237 2438 flagitia
1271 2395 1444 2427 commisit.
1487 2393 1603 2425 Achaia
1633 2395 1717 2437 vcro

971 2437 1077 2480 Regio
1107 2446 1153 2470 est
1176 2438 1324 2478 Graeciae,
1341 2439 1484 2482 undique
1506 2436 1590 2469 mari
1608 2444 1710 2479 septa,

968 2490 1185 2526 praeterquam
1202 2495 1220 2516 a
1233 2484 1468 2527 Septentrione,
1477 2481 1568 2524 cujus
1578 2481 1715 2514 Metro-->

967 2527 1050 2570 polis
1066 2527 1256 2563 CorinthuS.
1304 2528 1388 2560 Plin.
1403 2526 1459 2559 lib.
1473 2527 1503 2558 4.
1518 2536 1587 2568 cap.
1599 2527 1631 2557 4.

1012 2571 1057 2603 Ib.
1073 2571 1204 2615 Οἱίίεἱίὶ]
1228 2573 1331 2613 Regio
1357 2570 1493 2603 minoris
1517 2569 1619 2608 Asiae,
1647 2569 1707 2610 Sy·
1743 2609 1749 2614 Ι

964 2616 1021 2648 riae
1048 2616 1205 2656 proxima.
1257 2617 1341 2649 Vide
1363 2615 1444 2648 Pli-n.
1459 2614 1515 2647 lib.
1529 2615 1560 2645 ,5.
1573 2624 1640 2656 cap.
1653 2612 1708 2644 26

963 2661 1045 2692 hanc
1058 2669 1168 2700 postea
1184 2661 1359 2703 regendam
1376 2660 1492 2692 Cicero
1503 2658 1641 2708 sortitus
1647 2663 1706 2690 est.
1710 2686 1713 2688 .

1007 2705 1052 2736 lb.
1063 2703 1270 2754 Pamphylia]
1296 2703 1487 2746 Pamphylia
1498 2702 1587 2734 Asiae
1597 2700 1705 2733 mino-

961 2747 1006 2779 ris
1022 2748 1129 2791 Regio
1143 2749 1185 2780 ad
1196 2759 1285 2781 mare
1302 2749 1581 2781 Mediterraneum
1596 2745 1668 2777 sita.

1006 2793 1052 2824 Ib.
1069 2794 1154 2825 Rom
1152 2792 1196 2835 ez]
1219 2795 1336 2827 Romae
1353 2795 1478 2827 Praetor
1490 2785 1642 2826 Urbanus
1650 2787 1702 2821 fu-

961 2836 987 2871 it
1003 2839 1131 2870 Verres.

1590 2920 1701 2979 quod
