1887 3109
591 76 816 123 ORATIO
846 77 916 121 IN
946 77 997 120 L.
1030 75 1314 122 PISONEM.
1703 84 1786 126 957

196 189 295 251 me1³
311 190 438 236 domo
455 191 553 234 mea.
579 191 806 248 expulistis,
828 190 897 235 Cn
931 192 1176 249 Pompeium
1206 192 1381 236 domum
1409 207 1524 235 suam
1547 208 1723 250 compu-

194 243 324 303 lgstis3
355 263 490 306 neque
505 247 634 302 enim,
656 264 724 292 me
743 259 936 292 manente
967 260 1007 293 et
1037 261 1167 293 stante
1197 251 1242 294 in
1274 250 1386 292 urbis
1415 249 1570 307 vigilia,
1593 267 1725 307 neque

196 302 406 349 resistente
426 306 508 349 Cn.
534 307 730 363 Pompeio
750 307 944 350 omnium
974 309 1161 366 gentium
1196 309 1363 359 victore,
1397 322 1584 364 unquam
1606 323 1648 349 se
1668 308 1725 350 illi

195 363 494 418 rempublicam
529 365 659 407 delere
694 379 813 420 posse
846 366 1078 418 duxerunt3
1112 367 1135 407 ἐι
1158 382 1226 408 me
1246 365 1414 422 quidem
1435 365 1557 407 etiam
1580 380 1724 421 poenas

134 452 141 459 ⁴
194 422 423 474 expetistis,
459 421 611 479 quibus
647 423 958 480 conjuratorum
993 424 1143 471 Manes
1164 433 1427 465 mortuorum
1447 430 1460 448 ²
1479 423 1721 478 expiaretis:

193 490 319 520 omne
349 479 493 522 odium
530 481 738 522 inclusum
773 480 937 523 nefariis
959 479 1144 523 sensibus
1167 480 1389 536 impiorum
1427 479 1469 522 in
1492 495 1559 522 me
1579 481 1722 537 profu-

192 532 307 577 distis
327 553 335 579 :
369 553 548 594 quorum
565 553 641 595 ego
662 537 788 580 furori
809 538 887 580 nisi
909 538 1139 589 cessissem,
1162 537 1206 578 in
1232 537 1427 580 Catilinae
1447 537 1584 590 busto,
1607 538 1722 581 vohis

190 591 382 646 ducibus,
401 605 603 638 mactatus
617 610 759 637 essem.
820 594 950 638 Quod
964 604 1101 641 autem
1117 595 1197 651 maj
1205 610 1251 636 us
1269 593 1471 637 indicium
1486 596 1721 652 expectatis,

192 648 297 694 nihil
330 651 435 696 inter
465 668 536 695 vos
567 662 606 694 et
638 652 868 695 Catilinam
900 651 1147 703 interfuisse,
1182 654 1309 710 quam
1331 653 1440 709 quod
1476 654 1646 696 eandem
1671 653 1720 695 il-

191 706 275 750 lam
305 724 479 753 manum
509 724 557 752 ex
589 707 868 751 intermortuis
890 708 1084 752 Catilinae
1105 708 1285 766 reliquiis
1307 709 1573 753 concitastis?
1610 712 1721 769 quod

190 780 337 809 omnes
366 767 549 824 undique
580 766 755 822 perditos
787 765 1042 823 collegistis?
1078 768 1189 824 quod
1223 766 1266 809 in
1301 783 1368 810 me
1395 782 1595 810 carcerem
1617 769 1721 812 effu-

190 822 340 867 distis?
370 824 479 881 quod
521 825 756 881 conjuratos
795 824 1015 867 armastis?
1052 824 1161 882 quod
1198 840 1341 867 eorum
1378 824 1481 866 ferro
1517 840 1564 866 ac
1597 825 1722 868 furori

190 895 334 926 meum
368 897 532 937 corpus,
556 891 678 938 atque
697 881 890 924 omnium
912 882 1120 924 bonorum
1142 882 1268 925 vitam
1302 882 1482 939 objicere
1502 882 1684 926 voluistis
1702 886 1716 927 ?

191 937 270 983 Sed
298 939 389 994 jam
410 940 529 981 redeo
556 939 604 980 ad
627 938 864 994 praeclaram
884 936 997 981 illam
1020 939 1268 982 concionem
1279 950 1418 982 tuam.
1477 941 1544 982 Tu
1576 955 1618 982 es
1640 941 1721 993 ille,

190 996 257 1040 cui
296 995 513 1041 crudelitas
550 996 770 1052 displicet?
814 995 896 1048 cui,
929 999 1028 1038 cum
1060 998 1235 1041 Senatus
1265 997 1426 1040 luctum
1454 1012 1502 1039 ac
1540 997 1723 1041 dolorem

189 1067 312 1098 suum
340 1054 460 1097 vestis
479 1055 711 1100 mutatione
730 1054 1022 1098 declarandum
1045 1055 1285 1106 censuisset,
1318 1056 1419 1098 cum
1438 1055 1592 1097 videres
1614 1071 1723 1099 moe-

188 1124 273 1156 rere
302 1111 602 1168 rempublicam
637 1110 884 1167 amplissimi
914 1111 1070 1154 ordinis
1101 1112 1231 1164 luctu,
1254 1116 1280 1155 ὂ
1301 1122 1439 1154 noster
1458 1112 1689 1156 misericors
1710 1114 1719 1155 ἔ

188 1168 286 1224 quid
318 1169 448 1212 facis?
481 1171 592 1226 quod
629 1170 746 1213 nullst
775 1170 818 1212 in
854 1168 1042 1213 barbaria.
1072 1170 1292 1227 quisquam
1315 1180 1538 1228 tyrannus3
1572 1172 1722 1218 omitto

187 1225 301 1273 enim
331 1226 450 1280 illud,
488 1227 703 1271 consulem
723 1227 896 1279 edicere,
916 1237 964 1270 ut
998 1227 1168 1270 Senatus
1190 1228 1547 1271 senatusconsulto
1567 1244 1619 1271 ne
1640 1230 1717 1272 ob·
1734 1238 1794 1281 ἕο,

187 1293 414 1340 temperet:
448 1301 531 1343 quo
560 1284 713 1329 foedius
744 1301 821 1328 nec
857 1284 960 1338 fieri,
992 1301 1070 1328 nec
1100 1285 1270 1343 cogitari
1300 1286 1526 1344 quidquam
1558 1296 1718 1342 potest;

188 1341 238 1387 ad
272 1342 597 1387 misericordiam
630 1344 749 1387 redeo
782 1345 885 1400 ejus,
919 1343 986 1386 cui
1017 1344 1142 1386 nimis
1162 1344 1320 1386 videtur
1341 1345 1516 1386 Senatus
1536 1343 1580 1387 in
1612 1361 1717 1388 con-

189 1400 385 1445 servanda
417 1401 548 1457 patria
574 1400 699 1444 fuisse
719 1401 908 1446 crudelis.
969 1401 1140 1444 Edicere
1170 1411 1229 1444 est
1259 1416 1381 1444 ausus
1411 1417 1508 1444 cum
1542 1401 1613 1444 illo
1645 1417 1720 1445 suo

190 1457 291 1512 pari,
312 1473 439 1514 quem
471 1469 610 1503 tamen
641 1458 836 1502 omnibus
866 1459 976 1502 vitiis
1006 1474 1195 1515 superare
1225 1460 1431 1516 cupiebat,
1462 1469 1508 1502 ut
1527 1462 1719 1513 Senatus,

186 1517 330 1558 eontra
348 1517 478 1573 quam
511 1515 599 1572 ipse
630 1517 870 1570 censuisset,
893 1517 942 1561 ad
963 1518 1158 1561 vestitum
1179 1517 1338 1561 rediret.
1402 1517 1512 1562 Quis
1542 1519 1623 1560 hoc
1655 1518 1713 1560 fe-
1732 1526 1793 1560 —23

1768 373 1790 407 δ’(

1741 659 1791 694 10

528 1698 543 1721 ¹²
560 1699 708 1735 misistis
720 1699 757 1736 in
776 1686 931 1736 exilz'ulic.

231 1871 262 1900 2.
281 1870 334 1900 Cn.
347 1867 541 1910 Pompeium]
569 1869 668 1903 Domi
691 1879 723 1900 se
747 1880 809 1900 suae
826 1869 930 1902 conti-

187 1923 263 1950 nere
276 1914 446 1956 Pompeius
456 1918 582 1947 coactus
594 1922 654 1951 est,
666 1913 741 1956 quia
752 1914 930 1956 deprehen-

187 1957 238 1990 s'us
253 1957 358 1991 fuerat
374 1968 480 1990 servus
492 1958 600 1991 Clodii
612 1969 685 1991 cum
697 1957 770 1997 sic-22,
785 1966 821 1990 ut
834 1960 930 1991 Pom-

185 1998 296 2045 peium
309 2001 515 2036 interficeret.

192 2077 196 2081 ,
231 2048 260 2078 6.
278 2047 321 2078 M
321 2046 417 2089 anea]
430 2049 541 2078 Manes
552 2046 715 2079 veteribus
725 2054 930 2081 mortuorum

186 2091 299 2122 animae
316 2091 515 2123 dicebantur.
563 2092 672 2123 Festus
689 2099 793 2123 autem
808 2092 932 2130 scribit,

184 2146 293 2172 manes
302 2137 376 2170 deos
388 2135 427 2166 ab
441 2135 632 2179 Auguribus
643 2135 893 2178 invocari,quod
904 2137 926 2168 ii

184 2190 243 2223 per
252 2181 360 2215 omnia
369 2179 499 2215 aetheria
510 2188 701 2222 terrenaque
717 2191 845 2212 manare
859 2191 927 2213 cre·

186 2223 344 2259 debantur
356 2237 363 2254 ;
379 2224 457 2257 item
470 2224 544 2257 deos
557 2224 674 2256 inferos
685 2231 780 2267 atque
796 2236 927 2268 superos

186 2269 263 2307 dici,
279 2280 357 2312 quos
374 2268 448 2304 ideo
471 2268 661 2301 invocabant
678 2272 829 2313 Augures
846 2271 932 2313 quod

186 2310 221 2344 hi
237 2313 500 2348 existimabantur
514 2314 586 2345 vitae
608 2313 777 2346 hominum
793 2313 908 2345 favete.

231 2361 263 2391 9.
284 2357 326 2389 M
327 2363 443 2393 aeratus
467 2358 578 2398 essem]
608 2358 755 2400 Respicit
777 2359 818 2390 ad
848 2359 932 2391 anti-

185 2411 287 2443 quum
297 2412 420 2435 morem
432 2402 560 2445 quando
570 2402 609 2434 ad
618 2402 711 2435 busta
724 2410 930 2436 mortuorum

187 2445 329 2479 humanae
344 2446 480 2478 victimae
493 2446 726 2479 mactabantur.

234 2490 282 2520 1‘2.
309 2491 459 2522 carcerem
489 2490 657 2532 ffudisiis.]
691 2492 739 2523 Ex
766 2490 930 2534 ergastulis

187 2533 268 2567 servi
292 2541 328 2570 et
349 2533 488 2567 scelerati
502 2535 647 2569 homines
672 2536 779 2568 educti
795 2544 880 2574 sunt,
895 2543 931 2568 ut

185 2577 301 2610 seditio
313 2579 535 2611 concitaretur.

232 2623 279 2653 16.
295 2622 426 2657 Senatus
456 2622 589 2664 luctum]
617 2623 704 2657 Cum
730 2623 793 2656 lata
820 2622 933 2656 fuisset

186 2667 236 2707 lex
248 2666 266 2700 a
283 2667 411 2706 Clodio,
430 2674 467 2698 ut
484 2667 597 2699 Cicero
613 2668 713 2701 abiret
730 2670 762 2700 in
784 2667 927 2707 exilium,

185 2720 258 2747 teus
275 2711 401 2751 Cicero,
415 2718 451 2743 ut
469 2711 659 2748 Plutarchus
674 2713 797 2750 scribit,
808 2721 930 2744 vestem

186 2755 336 2794 mutavit,
353 2764 386 2788 et
397 2754 576 2791 sordidatus
589 2755 709 2800 populo
721 2756 931 2801 supplicavit;

186 2810 259 2834 cum
275 2801 430 2841 Cicerone
443 2800 546 2835 omnis
558 2801 696 2844 primum
707 2801 774 2836 scre
784 2809 930 2842 equester

1145 1704 1160 1722 ‘³
1171 1700 1381 1750 placaretis.

976 1869 1052 1901 ordo
1069 1877 1187 1902 vestem
1201 1869 1357 1901 mutavit:
1374 1880 1511 1912 eumque
1527 1869 1717 1903 nobiliszimi

974 1914 1190 1948 adolescentes
1230 1925 1366 1946 numero
1404 1916 1443 1947 ad
1470 1914 1585 1957 viginti
1621 1916 1718 1946 millia

975 1958 1130 1991 sordidati
1144 1960 1363 2002 deprecatores
1378 1958 1465 1991 iilius
1483 1959 1603 1997 salutis,
1618 1961 1718 1991 comi-

974 2004 1137 2035 tabantur.
1180 2003 1307 2036 Deinde
1324 2002 1396 2034 curn
1419 2005 1552 2035 Senatus
1569 2003 1719 2045 frequens

974 2048 1183 2087 convenisset,
1193 2059 1229 2081 ut
1244 2057 1363 2080 vestem
1373 2056 1526 2091 tanquam
1543 2048 1575 2079 in
1588 2048 1718 2091 publico

974 2092 1066 2124 luctu
1081 2093 1272 2125 mutandum
1289 2103 1439 2130 censeret,
1458 2092 1553 2132 idque
1576 2094 1718 2125 consules

973 2137 1048 2168 Piso
1061 2144 1093 2169 et
1111 2137 1267 2169 Gabinius
1283 2144 1437 2176 vetarent,
1454 2145 1485 2168 et
1505 2137 1635 2168 Clodius
1645 2148 1717 2168 cum

973 2182 1066 2213 armis
1082 2182 1119 2211 ad
1143 2181 1276 2213 Curiam
1303 2190 1504 2214 versaretur:
1553 2183 1719 2214 Senatores

971 2236 1036 2257 non
1060 2225 1150 2268 pauci
1166 2227 1180 2256 ὲ
1206 2227 1337 2263 Senatu,
1356 2226 1494 2258 vestibus
1521 2225 1668 2265 discissis,
1686 2232 1718 2256 et

977 2270 1116 2302 clamore
1132 2269 1268 2308 sublato,
1283 2281 1314 2302 se
1330 2271 1566 2314 proripuerunt.

1021 2317 1073 2345 ΩΟ.
1090 2315 1241 2346 Consulem
1263 2315 1403 2355 edicere]
1429 2315 1573 2347 Absente
1591 2313 1720 2351 Pisone,

977 2357 1051 2392 cum
1069 2360 1201 2390 Senatus
1213 2359 1245 2390 in
1261 2359 1327 2391 aede
1338 2360 1521 2391 Concordiae
1539 2357 1719 2394 haberetur,

975 2414 1084 2435 omnes
1096 2403 1186 2441 boni,
1196 2411 1281 2436 veste
1291 2407 1425 2441 mutate,
1438 2415 1468 2435 se
1479 2415 1538 2447 pro
1553 2401 1718 2434 Ciceronis

975 2447 1092 2491 capite,
1115 2448 1155 2479 ad
1194 2449 1289 2491 pedes
1324 2448 1456 2482 Gabinii
1494 2448 1718 2491 projecerunt3

973 2503 1111 2532 quorum
1141 2493 1289 2535 precibus
1320 2492 1359 2524 ab
1391 2492 1447 2524 illo
1473 2490 1658 2533 repudiatis,
1681 2491 1718 2521 L.

976 2536 1159 2569 Mummius
1176 2537 1215 2568 ad
1232 2539 1380 2568 Senatum
1407 2537 1446 2568 de
1472 2533 1647 2578 Republica
1671 2546 1719 2564 re-

977 2581 1067 2620 tulit,
1081 2589 1266 2622 senatusque
1283 2581 1430 2620 frequens
1446 2588 1563 2612 vestem
1585 2589 1644 2621 pro
1660 2579 1718 2609 Ci-

977 2626 1100 2658 ceronis
1134 2625 1234 2657 salute
1263 2625 1450 2657 mutandam
1487 2624 1628 2662 censuit3
1667 2623 1719 2653 scd

975 2669 1117 2702 consules
1134 2670 1313 2707 edixerunt,
1334 2677 1369 2701 ut
1392 2669 1434 2702 ad
1457 2679 1548 2702 suum
1564 2668 1717 2701 vestitum

976 2714 1141 2750 Senatores
1158 2715 1306 2746 redirent.

1017 2759 1071 2789 23.
1087 2759 1146 2790 Suo
1157 2759 1249 2799 peril]
1268 2758 1390 2791 Pisone.
