1872 3140
118 160 201 192 512
456 175 459 177 Δ
603 152 670 193 M.
703 151 907 193 TULLII
941 149 1265 194 CICERONIS

119 274 171 308 :2²5
192 263 323 306 dicere
342 279 464 305 ausus
485 274 559 314 est,
581 263 749 317 optimis
765 264 962 317 auspiciis
981 279 1026 306 ea
1040 265 1152 319 geri,
1169 279 1258 320 quae
1273 278 1353 319 pro
1371 266 1472 321 reip.
1493 267 1623 307 salute
1635 280 1712 321 ge.-

192 329 391 363 verentur
409 338 420 362 :
462 336 551 375 ᾳιιατ
588 329 730 361 contra
761 322 1158 376 re*1›zp.fh›·r·‚entm
1193 330 1336 363 contra
1373 323 1557 377 auspi'cca
1570 323 1710 377 sem-21

193 377 356 420 Multa
348 393 390 418 ιιι
411 393 458 418 eo
477 392 535 433 pr
523 377 668 419 auclara
687 377 890 432 cognovi:
925 379 992 420 sed
1028 379 1132 421 nihil
1165 388 1225 420 est
1258 378 1552 432 admirabilius,
1584 381 1712 442 quain

194 434 404 491 quomodo
425 434 490 476 ille
507 445 683 476 mortem
706 436 770 476 M
788 435 859 476 filii
875 435 984 487 tulit,
1007 435 1103 478 clari
1125 435 1215 487 viri,
1233 446 1271 477 et
1293 436 1560 479 Consularis.
1592 447 1652 478 est
1668 451 1714 478 m

192 492 385 533 manibus
407 491 610 534 laudatio·
599 524 612 543 ,
645 507 770 548 quam
799 495 895 534 curn
935 492 1126 549 legimus,
1158 508 1283 550 quem
1313 492 1608 556 philosophum
1627 508 1714 535 non

121 564 175 597 30
193 548 529 590 contemnimus?
563 551 657 592 Nec
679 551 772 591 vero
792 549 883 591 ille
874 565 917 591 ιιι
938 550 1028 592 luce
1049 550 1190 600 modo,
1213 561 1394 606 atquem
1413 550 1544 592 oculis
1559 551 1715 592 eivium

192 620 394 662 magnus·
383 637 396 656 ,
429 607 497 647 sed
518 606 628 648 intus
641 605 848 670 domique
869 608 1150 671 praestantior.
1185 622 1255 670 qui
1288 622 1423 649 sermo
1442 608 1456 648 ?
1491 621 1585 664 quae
1608 622 1713 663 prae-

193 665 336 716 cepta?
371 672 526 718 quanta
563 663 709 706 notitia
738 664 1025 726 antiquitatis?
1066 680 1161 721 quae
1191 663 1362 706 scientia
1377 663 1490 727 juris
1523 664 1712 719 augurii?

191 720 336 762 multae
353 719 493 771 etiam,
515 730 560 762 ut
582 721 622 762 in
645 720 816 762 homine
844 724 1051 772 Romano,
1088 722 1239 763 literae:
1272 736 1416 762 omnia
1432 721 1634 784 memoria
1653 730 1714 763 te-

191 777 330 828 nebat,
353 792 439 818 non
471 778 697 819 domestica
727 778 880 829 solum,
903 779 970 819 sed
1001 777 1125 819 etiam
1146 788 1314 820 externa
1333 777 1460 830 bella3
1493 777 1611 834 cujus
1631 792 1716 820 ser-

120 848 174 882 35
193 849 317 876 mone
336 834 390 876 ita
411 843 500 875 tum
522 835 670 890 cupide
692 835 866 886 fruebar,
888 836 1004 891 quasi
1017 836 1106 892 jam
1138 835 1363 877 divinarem
1400 834 1459 888 id,
1481 835 1592 893 quod
1620 849 1715 882 cve-

195 893 272 942 nit,
289 891 358 933 illo
379 891 579 943 extincto,
604 893 687 932 fore
708 892 817 932 unde
836 892 1031 934 discerem
1053 892 1282 934 nerninem.

248 950 306 991 V.
339 949 581 992 Quorsum
573 949 696 1013 igitur
721 949 812 990 haec
832 959 918 990 tarn
945 949 1077 991 multa
1096 951 1144 991 de
1165 949 1409 992 Maximo?
1405 947 1516 1006 quia
1534 929 1722 1006 profecto

195 1005 351 1057 videtis,
374 1006 486 1047 nefas
507 1021 593 1047 esse
607 1006 736 1057 (lictu,
758 1007 948 1048 miseram
979 1007 1105 1048 fuisse
1136 1007 1258 1048 talem
1294 1015 1563 1051 senectutem.
1622 1007 1720 1049 Nec

193 1072 331 1104 tamen
349 1078 494 1105 omnes
516 1074 687 1119 possunt
703 1078 790 1104 esse
809 1063 1040 1119 Scipiones,
1063 1074 1132 1106 aut
1150 1064 1345 1115 Maximi,
1363 1072 1409 1105 ut
1441 1061 1610 1106 urbium
1642 1078 1718 1105 ex-

192 1120 481 1177 pugnatione
504 1130 550 1162 ut
579 1121 696 1175 pedes
702 1130 780 1161 tres
809 1121 969 1162 navales
955 1136 1053 1177 sque
1083 1136 1257 1178 pugnas,
1283 1130 1329 1162 ut
1359 1120 1500 1162 bella
1486 1135 1512 1162 a
1530 1135 1570 1172 se
1591 1129 1719 1178 gesta,

152 1191 174 1225 5
193 1188 238 1219 ut
275 1152 507 1232 triumphos
539 1179 826 1219 recordentur·
815 1210 826 1229 ‚
860 1188 920 1219 est
949 1194 1062 1220 emm
1081 1180 1236 1233 quiete,
1260 1190 1299 1218 et
1319 1180 1436 1233 pure,
1459 1187 1498 1219 et
1518 1165 1723 1241 eleganter

195 1245 297 1276 actae
321 1235 449 1276 zetatis
474 1235 629 1298 placida
646 1251 690 1275 ac
712 1234 814 1275 lenis
832 1244 1050 1276 senectus:
1086 1236 1249 1289 qualem
1267 1234 1500 1288 accepimus
1522 1233 1720 1286 Platonis,

195 1293 267 1347 qui
283 1308 365 1333 uno
388 1303 426 1332 et
446 1292 700 1347 octogesimo
721 1307 829 1354 anno
848 1292 1028 1333 scribens
1049 1302 1237 1333 mortuus
1258 1307 1298 1332 es
1302 1302 1343 1333 t:
1377 1292 1541 1348 qualem
1559 1293 1721 1333 Isocra-

196 1351 262 1400 tis,
285 1350 354 1405 qui
385 1364 479 1390 eum
499 1349 668 1400 librum,
689 1348 759 1405 qui
779 1351 1106 1390 Panathenaicus
1129 1348 1378 1399 inscribitur,
1400 1357 1542 1411 quarto
1572 1358 1612 1389 et
1643 1364 1721 1390 no-

195 1406 406 1462 nagesimo
427 1422 536 1447 anno
565 1406 771 1461 scripsisse
792 1406 956 1456 dicitur,
989 1406 1174 1462 vixitque
1194 1406 1526 1462 quinquennium
1550 1408 1721 1461 postea·
1707 1437 1723 1457 ,

127 1466 312 1520 loc-ujus
343 1465 536 1520 magister
568 1464 794 1505 Leontinus
835 1463 961 1508 Gor(
955 1479 1011 1504 ias
1042 1477 1129 1504 ceni
1140 1479 1213 1505 um
1246 1473 1285 1503 et
1315 1473 1471 1518 septem
1502 1462 1725 1524 complevit

196 1536 355 1572 ann053
387 1536 520 1578 neque
540 1536 725 1577 unquam
749 1520 792 1561 in
824 1536 897 1561 suo
926 1513 1064 1562 studio
1099 1531 1220 1576 atque
1253 1535 1371 1574 opere
1403 1519 1600 1566 cessavit:
1634 1534 1725 1576 qui,

195 1581 294 1620 cum
316 1593 365 1619 ex
386 1593 432 1618 eo
453 1588 714 1641 quaereretur,
738 1593 810 1618 cur
831 1578 989 1620 tamdiu
1023 1577 1141 1619 vellet
1161 1592 1219 1618 es:
1226 1593 1247 1618 e
1278 1593 1320 1618 ιιι
1354 1578 1471 1618 vita?
1500 1576 1625 1618 Nihil
1645 1578 1723 1619 ha-

195 1637 292 1686 beo,
324 1635 472 1691 inquit,
495 1636 604 1691 quod
642 1651 757 1676 ineu.C
756 1651 826 1676 em
861 1645 1128 1676 senectutem.
1191 1635 1436 1675 Praeclarum
1460 1648 1723 1690 responsum,

197 1704 237 1735 et
256 1694 377 1734 docto
399 1693 568 1735 homine
586 1691 788 1749 dignum·
777 1724 790 1744 ,
824 1708 896 1733 sua
915 1693 1027 1733 enim
1044 1691 1141 1732 vitia
1162 1691 1416 1753 insipientes,
1438 1700 1477 1731 et
1498 1699 1612 1732 Suam
1634 1691 1724 1732 cul-

128 1765 177 1797 15
199 1766 293 1806 pam
308 1752 349 1791 in
373 1761 624 1792 senectutem
629 1739 891 1791 conferunt:
924 1750 1035 1807 quod
1064 1764 1151 1791 non
1182 1749 1357 1791 faciebat
1386 1763 1435 1800 is,
1458 1747 1577 1805 cujus
1598 1749 1727 1791 modo

196 1808 453 1850 mentionem
469 1806 560 1859 feci,
585 1806 764 1858 Ennius,

487 1868 608 1902 §tent
612 1866 728 1910 foztls‘
746 1879 819 1914 αμα
812 1879 860 1907 cs,
881 1867 1000 1913 spatio
1016 1866 1079 1915 qui
1097 1876 1184 1913 sape
1193 1875 1361 1931 supremo

514 1918 606 1954 Vicit
626 1918 798 1967 Olympia,
817 1930 907 1954 mmc
924 1919 1020 1953 senio
1033 1916 1202 1962 confeclzz'
1215 1918 1374 1966 quiescit.

197 1982 307 2038 Equi
327 1981 418 2021 torti
426 1995 442 2021 5
482 1990 522 2021 et
551 1979 715 2020 victoris
747 1980 946 2021 senectuti
984 1992 1177 2046 compara
1156 1988 1197 2020 t
1229 1993 1376 2020 suam:
1409 1993 1535 2034 quem
1557 1977 1727 2035 quidem

126 2050 181 2083 ⁰0
200 2055 223 2094 p
209 2039 325 2080 nobe
343 2036 535 2079 memini:-
529 2053 581 2077 ·se
598 2035 780 2092 potestis.
805 2039 934 2078 Anno
951 2032 1062 2077 cnir‘n
1078 2034 1384 2077 undevicesimo
1400 2046 1493 2099 post
1507 2037 1594 2093 eJus
1611 2049 1727 2078 mor-

199 2106 299 2146 tem,
333 2095 376 2135 'ii
413 2094 632 2145 Consules,
669 2095 721 2134 Ί.
755 2092 1028 2143 Flamininus,
1048 2094 1166 2134 etM.
1197 2092 1361 2134 Acilius
1393 2092 1489 2134 facti
1510 2102 1628 2135 sunt:
1662 2091 1730 2134 ille

198 2164 334 2194 autem
354 2152 388 2192 C
396 2152 553 2207 aepione
567 2161 605 2192 et
624 2150 697 2191 Phi
687 2150 839 2206 lippo
831 2162 976 2191 iterum
1001 2149 1185 2192 Consule
1204 2158 1392 2191 mortuus
1408 2159 1496 2192 est·
1484 2181 1497 2202 ,
1530 2165 1633 2191 cum
1652 2164 1728 2206 ego

199 2209 363 2266 quidun
390 2222 431 2248 ν.
465 2218 502 2249 tt
527 2222 599 2249 Lx.
627 2222 756 2248 anno
777 2216 913 2258 natus,
937 2208 1068 2264 legem
1100 2205 1336 2248 Voconiam
1363 2222 1464 2248 voce
1495 2207 1649 2270 magna
1687 2216 1729 2248 et

198 2267 319 2308 bonis
342 2265 530 2307 lateribus
552 2263 784 2305 suasissem.
845 2239 996 2328 Arinos
1018 2277 1102 2305 Lxx
1123 2273 1259 2315 natuS,
1279 2273 1338 2304 tot
1358 2265 1487 2305 enim
1507 2263 1609 2306 vixit
1636 2265 1727 2304 En-

128 2335 181 2369 535
203 2325 313 2374 nius,
335 2322 389 2363 ita
412 2321 562 2363 terebat
595 2322 692 2370 dun,
715 2337 811 2377 quae
848 2320 1032 2363 maxima
1062 2331 1255 2375 putantur
1281 2335 1421 2371 onera,
1448 2326 1727 2376 paupertatem

200 2391 239 2423 et
271 2390 539 2429 senectutem,
577 2388 623 2418 ut
652 2379 709 2419 eis
741 2380 859 2434 paene
891 2379 1080 2419 delectari
1114 2378 1329 2419 videretur.
1401 2377 1586 2440 Etenim,
1627 2392 1728 2419 cum

199 2436 458 2492 contemplor
478 2436 633 2486 animo,
654 2450 806 2490 reperio
828 2446 1002 2491 quatuor
1021 2450 1181 2487 causas,
1203 2450 1276 2476 cur
1289 2444 1476 2477 senectus
1497 2435 1647 2476 misera
1665 2433 1727 2475 vi-

199 2498 362 2538 deatur:
395 2508 539 2543 unam,
563 2508 628 2548 qu
624 2493 671 2533 ›cl
694 2502 835 2533 avocet
856 2508 881 2533 a
901 2493 1021 2534 rebus
1040 2492 1252 2548 gerendis:
1285 2492 1470 2543 alteram,
1503 2491 1614 2548 quod
1635 2505 1728 2533 cor-

202 2568 278 2610 pus
296 2551 417 2593 faciat
441 2551 589 2591 infirmi
597 2564 669 2590 us:
703 2550 879 2601 tertiam,
905 2549 1013 2606 quod
1035 2558 1164 2604 privet
1183 2549 1377 2591 omnibus
1397 2548 1480 2590 fere
1504 2547 1728 2612 voluptati-

128 2621 184 2654 30
200 2612 308 2653 bus:
342 2617 544 2664 quartam,
562 2607 671 2664 quod
695 2607 802 2648 haud
819 2607 959 2662 procul
978 2605 1119 2648 absita
1133 2617 1278 2649 morte.
1339 2608 1511 2657 Earum,
1532 2604 1569 2647 si
1579 2605 1728 2661 placet,

200 2681 415 2710 causarum
437 2673 591 2722 quanta
605 2678 850 2720 quamques
836 2663 1008 2720 sitjusta
1026 2677 1304 2726 unaquaeque,
1321 2663 1546 2705 videamus.

254 2723 410 2764 V1.A
435 2721 554 2763 rebus
571 2721 755 2778 gerendis
772 2732 958 2762 senectus
980 2719 1205 2762 abstrahit
1196 2722 1209 2752 ἶ
1246 2719 1444 2764 Quibus?
1479 2735 1532 2762 an
1549 2717 1614 2772 iis,
1632 2733 1729 2782 quae

202 2780 474 2837 injuventute
494 2788 690 2841 geruntur
718 2789 759 2819 et
792 2778 975 2819 vitibus
964 2792 976 2818 r
1010 2777 1209 2841 Nullaene
1239 2776 1363 2834 igitur
1402 2792 1462 2818 res
1492 2788 1588 2818 sunt
1617 2790 1728 2817 seni-

199 2838 258 2879 les
294 2852 388 2893 quae
425 2836 487 2880 vel
517 2835 693 2877 infirmis
729 2835 984 2891 corporibus,
1017 2834 1157 2878 animo
1188 2843 1326 2878 tamen
1356 2833 1724 2877 administrentur?

1600 2889 1727 2934 Nihil
