1872 3135
509 142 735 188 ORATIO
769 143 838 186 IN
869 142 927 186 Q..
962 142 1307 187 CAECILIUM.

123 256 168 301 in
188 273 257 300 me
275 256 515 315 praesidinm
537 258 620 300 suis
642 257 818 300 fortunis
832 257 1105 300 constitutum
1121 273 1205 300 esse
1222 258 1513 301 arbitrarentur
1534 275 1544 301 τ
1577 259 1650 316 qui

121 332 236 358 nnnc
258 316 440 373 populati
462 326 584 372 atquc
606 316 755 367 vexati,
779 314 919 357 cuncti
940 317 988 357 ad
1011 332 1077 357 me
1092 317 1106 339 ᾗ
1121 318 1287 371 publice
1306 332 1415 371 saepe
1434 327 1650 370 venerunt,

121 383 170 415 ut
191 389 357 416 suarum
380 374 639 415 fortunarum
658 373 852 416 omnium
874 389 1056 426 causam,
1077 373 1442 430 defensionemque
1463 373 1649 430 suscipe-

122 445 235 484 rem3
269 446 337 473 me
358 447 465 486 saepe
486 447 571 473 esse
591 432 840 488 pollicitum,
865 447 972 486 saepe
993 432 1218 473 ostendisse
1238 433 1444 484 dicebant,
1468 432 1501 474 si
1538 433 1651 488 quod·

122 499 287 544 tempus
300 489 528 542 accidisset,
547 505 630 546 quo
645 499 828 545 tempore
845 489 999 545 aliquid
1016 491 1042 530 ἐι
1058 505 1124 530 me
1143 490 1651 546 requirerent,-commodis
1673 509 1722 543 15

121 560 267 588 eorum
299 563 367 589 me
395 563 481 589 non
521 547 786 599 defuturum3
819 548 978 588 venisse
1007 559 1169 602 tempus
1191 549 1371 600 aiebant,
1393 548 1582 604 nonjam
1603 558 1652 590 ut

120 600 348 647 commoda
367 620 455 657 sua,
479 606 546 647 sed
569 616 613 647 ut
634 606 778 653 vitam,
797 604 852 645 sal
861 604 1196 659 utemquetotius
1215 604 1439 660 provinciae
1454 605 1650 648 defende-

120 676 229 703 rem:
265 664 450 720 sesejam
472 679 524 704 ne
542 665 658 705 Deos
681 662 851 718 quidem
871 660 915 702 in
937 661 1020 702 suis
1043 660 1233 714 urbibus,
1255 664 1304 704 ad
1326 678 1430 719 quos
1448 663 1649 720 confuge-

122 730 227 771 rent,
247 720 415 762 habere:
440 721 551 776 quod
566 734 710 760 eorum
723 718 944 760 simulacra
960 718 1220 761 sanctissima
1235 719 1283 762 C.
1302 722 1451 762 Verres
1468 737 1515 762 ex
1531 722 1649 764 delu-

121 775 206 819 bris
224 777 541 834 religiosissimis
562 777 814 819 sustulisset:
849 791 951 832 quas
967 791 1028 817 res
1045 776 1223 818 luxuries
1241 776 1283 819 in
1301 778 1480 834 flagiitis,
1503 780 1648 821 crude·
1669 797 1723 833 ρο

122 833 214 876 litas
236 834 278 876 in
300 834 529 890 suppliciis,
567 834 733 891 avaritia
768 834 810 876 in
846 834 1018 890 rapiniS,
1059 834 1250 890 superbia
1287 835 1332 876 in
1367 837 1652 891 contumeliis,

120 892 278 933 efficere
310 892 525 948 potuisset,
558 908 623 935 eas
641 892 803 934 omneis
824 906 909 933 sese
930 893 1009 933 hoc
1030 907 1116 933 uno
1139 893 1316 935 Praetore
1337 908 1406 949 per
1424 894 1652 937 triennium

119 950 354 1004 pertulisse:
390 965 529 1008 rogare
549 960 589 992 et
608 966 737 1002 orare,
761 965 813 991 ne
833 949 924 991 illos
948 949 1151 1005 supplices
1171 966 1421 1006 aspernarer,
1440 967 1561 1009 quos,
1584 968 1654 994 me

119 1006 339 1059 incolumi,
357 1008 516 1050 nemini
535 1008 738 1064 supplices
755 1022 842 1050 esse
857 1019 1078 1064 oporteret.
1133 1008 1230 1051 Tuli
1246 1008 1419 1066 graviter
1435 1021 1473 1051 et
1487 1010 1650 1063 acerbe,

118 1065 304 1118 Judices,
323 1065 365 1107 in
387 1081 484 1108 eum
507 1082 574 1108 me
595 1067 735 1108 locum
756 1066 998 1117 adductum,
1021 1075 1069 1107 ut
1085 1075 1155 1108 aut
1171 1082 1239 1108 eos
1253 1066 1446 1109 homines
1463 1083 1553 1123 spes
1571 1067 1649 1110 fal-
1671 1084 1723 1119 :25

118 1121 233 1175 leret,
258 1124 329 1180 qui
351 1132 474 1179 opem
495 1127 519 1166 a
536 1139 603 1166 me
619 1134 743 1181 atque
764 1122 966 1166 auxilium
986 1126 1198 1179 petissent,
1218 1136 1288 1168 aut
1306 1140 1398 1182 eg0,
1422 1126 1494 1183 qui
1515 1141 1584 1168 me
1601 1126 1650 1169 ad

120 1179 399 1224 defendendos
428 1182 620 1224 homines
651 1184 702 1225 ab
736 1181 908 1224 ineunte
927 1181 1204 1225 adolescentia
1223 1183 1444 1235 dedissem,
1467 1195 1655 1240 tempore

120 1247 244 1295 atque
263 1240 401 1281 officio
422 1250 589 1283 coaetus
620 1241 668 1281 ad
706 1240 988 1281 accusandum
1019 1239 1264 1283 traducerer.

1324 1240 1550 1294 Dicebam,
1572 1243 1652 1285 ha-

118 1294 214 1338 bere
237 1312 306 1339 eos
329 1307 512 1340 actorem
532 1300 591 1342 Q.
617 1291 856 1349 Caecilium,
886 1297 957 1354 qui
975 1297 1203 1352 praesertim
1225 1300 1424 1343 Quaestor
1442 1299 1487 1342 in
1506 1300 1652 1342 eadem

120 1354 335 1409 provincia
369 1366 462 1411 post
485 1371 562 1410 ⁴me
598 1357 865 1399 Quaestor-em
908 1355 1066 1398 fuisset.

121 1413 336 1467 sperabam
356 1414 465 1455 hanc
487 1416 512 1457 ἐι
532 1429 599 1456 me
619 1414 852 1455 molestiam
882 1428 999 1468 posse
1018 1413 1234 1467 dimoveri,
1256 1415 1297 1456 id
1318 1414 1425 1457 mihi
1442 1425 1526 1458 erat
1541 1421 1557 1444 d
1576 1417 1651 1458 ad-

119 1471 346 1513 versarium
365 1473 574 1514 maxime:
609 1487 710 1514 nam
727 1471 784 1513 illi
802 1470 936 1513 multo
954 1471 1059 1513 mihi
1077 1473 1157 1513 hoc
1173 1472 1337 1515 facilins
1353 1482 1368 1498 ⁶
1381 1472 1651 1528 remisissent,

120 1526 155 1570 si
177 1527 303 1570 istum
325 1544 412 1571 non
431 1532 617 1582 nossent,
639 1539 710 1571 aut
727 1528 761 1571 si
781 1528 856 1570 iste
877 1529 985 1586 apud
1006 1544 1075 1571 eos
1096 1531 1294 1573 Quaestor
1311 1546 1398 1573 non
1414 1531 1573 1575 fuisset.

169 1642 187 1668 b
196 1645 346 1696 publico
363 1646 532 1684 consilio.

165 1758 271 1789 10.·In
287 1757 609 1800 veteribus-patronis]
625 1757 723 1790 Siculi
739 1764 862 1789 veteres

112 1810 272 1846 patronos
283 1801 459 1841 habebant,
474 1803 684 1839 Marcellum,
694 1804 749 1845 qui
766 1806 783 1833 a
795 1802 862 1845 pri-

118 1858 174 1878 mo
197 1846 254 1878 illo
273 1846 436 1878 Marcello
451 1855 547 1879 natus
561 1855 608 1879 est
620 1848 676 1890 qui
692 1849 864 1889 Syracusas

118 1891 221 1934 cepit3
238 1891 414 1934 Scipiones,
424 1900 559 1935 propter
572 1892 756 1935 Scipionem
773 1892 866 1924 Afri-

117 1937 313 1978 canum‚qui
325 1936 428 1967 excisa
441 1937 640 1980 Carthagine
650 1945 743 1979 rapta
760 1947 866 1979 quon-

117 1981 194 2012 dam
211 1984 227 2012 ἐ
245 1980 349 2013 Poenis
363 1991 420 2012 sua
437 1990 630 2013 ornamenta
651 1981 794 2013 Siciliam
816 1992 866 2012 re-

116 2025 212 2064 tulit;
235 2025 403 2063 Metellos,
416 2025 472 2066 qui
486 2026 647 2069 Lepidum
660 2028 866 2071 Qaestorem

117 2069 152 2101 in
164 2068 219 2101 illa
232 2070 400 2102 Provincia
414 2074 612 2102 accusarunt.

114 2148 118 2150 V
169 2116 218 2147 12².
242 2115 389 2156 Populati
419 2120 508 2157 atqve
534 2115 661 2159 veruti]
713 2114 866 2147 Avaritia

116 2159 232 2190 Verris
252 2167 285 2191 et
303 2159 494 2191 crudelitate
509 2170 575 2192 non
591 2161 800 2192 mediocriter
817 2160 866 2190 Si-

119 2203 183 2235 culi
199 2204 307 2236 vexati
324 2212 409 2242 sunt,
424 2213 459 2236 ut
476 2205 602 2247 patebit
621 2216 659 2237 ex
682 2205 753 2243 hac,
768 2212 800 2236 et
814 2213 864 2236 se-

117 2249 290 2288 quentibus
305 2249 519 2281 orationibus.

164 2292 212 2325 lb.
237 2295 287 2326 Ad
299 2304 344 2324 me
355 2293 496 2337 public-d]
520 2294 674 2326 Oratorie
687 2304 798 2325 omnes
809 2304 865 2325 ve—

118 2336 202 2370 nisse
217 2336 312 2376 dicit3
336 2349 411 2369 nam
432 2349 538 2380 neque
555 2339 752 2371 Mamertini
768 2348 866 2370 vene-

118 2390 205 2421 rant,
219 2393 323 2426 neque
341 2383 540 2424 Syracusani.

165 2428 216 2457 18.
240 2427 295 2458 Ne
309 2427 392 2459 Deos
411 2427 552 2470 quidm]
589 2429 649 2459 Per
674 2429 867 2469 oxymoron

119 2469 231 2502 odium
247 2471 280 2503 in
298 2473 438 2504 Verrem
461 2473 591 2510 excitat,
619 2473 675 2514 qui
691 2472 738 2503 ita
757 2472 867 2503 omnia

119 2513 333 2559 depopulatus
343 2524 402 2554 est,
412 2524 449 2549 ut
461 2516 513 2549 vel
525 2517 592 2560 ipsa
605 2518 753 2548 Deorum
764 2517 875 2561 simu-2

121 2558 207 2591 lacra
222 2560 400 2593 abstulerit.

168 2604 218 2635 19.
234 2604 287 2636 Ex
301 2605 454 2649 dehzhrisy]
480 2606 569 2637 Inter
585 2604 720 2637 delubra
735 2612 769 2636 et
783 2613 866 2637 tem-

118 2647 173 2691 pla
195 2649 358 2682 Asconius
384 2650 417 2682 id
437 2650 531 2693 ponit
554 2645 759 2688 discriminis,
777 2649 871 2692 quod.

119 2693 230 2734 templa
244 2699 314 2724 snm
324 2694 510 2736 singulorum
525 2693 584 2726 diis
599 2695 812 2726 attributorum
824 2695 868 2725 lo-

119 2747 244 2770 corum.-
268 2737 393 2768 delubra
419 2741 583 2771 multarum
608 2740 717 2770 adium
740 2739 792 2770 sub
809 2749 870 2770 uno

120 2785 207 2819 tecto,
221 2783 239 2812 ἁ
255 2781 367 2813 diluvio
378 2782 491 2824 pluvie:
506 2783 700 2814 munitarum.

164 2829 217 2858 22.
240 2827 303 2858 Per
321 2827 487 2858 triennium
498 2827 680 2870 pertuli-rsa]
717 2829 778 2859 Per
803 2834 871 2859 tates

117 2872 219 2904 *annos
236 2869 334 2903 Siculi
348 2871 486 2904 Arrium
503 2872 677 2913 quemdam
691 2871 787 2904 Verri
800 2883 869 2904 suc-

639 1651 654 1668 c
672 1648 902 1684 excusatione.

1021 1645 1037 1669 ‘¹
1055 1649 1286 1685 contrarium.
1367 1653 1384 1671 θ
1401 1650 1654 1688 concessissent.

908 1768 1061 1790 sessorem
1075 1759 1314 1801 exspectabant.
1338 1761 1427 1792 Nota
1437 1768 1546 1792 autem
1564 1762 1651 1793 Prae-

906 1802 1007 1834 torias
1018 1803 1201 1845 provincias
1210 1815 1332 1836 annuas
1341 1804 1473 1846 quidem
1483 1804 1591 1844 fuisse,
1600 1807 1656 1838 sed.

907 1847 944 1882 si,
962 1858 1066 1889 neque
1083 1848 1202 1890 primo,
1217 1859 1320 1891 neque
1337 1849 1476 1880 secundo
1500 1861 1587 1882 anno
1602 1861 1655 1882 te—

910 1899 1107 1924 vocarentur
1132 1894 1302 1931 Praetores,
1326 1893 1504 1926 triennium
1529 1906 1584 1927 eas
1597 1895 1655 1928 ad-

909 1936 1116 1969 ministrasse.

956 1982 1007 2012 23.
1026 1983 1144 2022 Rogare
1160 1986 1188 2012 et
1203 1983 1313 2025 orare]
1339 1983 1501 2024 Rogantur
1511 1983 1655 2024 homines,

909 2031 1037 2057 orantur
1048 2027 1102 2064 dii,
1113 2026 1220 2068 inquit
1235 2027 1402 2059 Pedianus.

953 2072 1004 2102 24.
1029 2071 1184 2114 Nemini.]
1230 2071 1351 2104 Omisit
1389 2072 1488 2109 alteri,
1513 2082 1554 2103 ne
1583 2070 1656 2103 haee

910 2113 979 2146 laus
1001 2114 1063 2147 sibi
1092 2124 1246 2159 usurpata
1275 2116 1502 2160 superbissima
1535 2115 1658 2149 videre-

911 2168 974 2191 tur.

955 2204 1000 2236 lb.
1018 2205 1162 2236 Graviter
1180 2208 1208 2235 et
1225 2205 1352 2249 acerbat]
1397 2205 1554 2238 Graviter
1579 2204 1659 2238 tulit

911 2247 1040 2286 Cieem,
1053 2249 1144 2289 quod
1155 2257 1274 2291 praeter
1285 2251 1553 2283 consuetudinem
1565 2260 1658 2282 suam.

910 2304 1059 2325 accusare
1086 2303 1273 2336 cogeretur:
1299 2295 1412 2333 acerhe',
1426 2295 1516 2338 quod
1532 2293 1657 2327 Siculo-

909 2348 985 2369 rum
998 2337 1163 2369 calamitas
1179 2349 1257 2380 curn
1268 2347 1430 2379 moveret,
1446 2339 1504 2382 qui
1519 2339 1657 2382 pessime

911 2381 930 2413 ὲ
946 2383 1053 2414 Verre
1064 2382 1300 2417 tractabantur.

955 2428 1009 2458 28.
1030 2427 1152 2459 Habere
1166 2427 1238 2470 troia]
1270 2428 1395 2460 Iudicat
1421 2427 1512 2470 quod
1539 2437 1659 2460 munus

910 2471 1080 2503 accusandi
1097 2474 1237 2506 Verrem
1255 2472 1273 2505 a
1289 2485 1320 2505 se
1335 2473 1495 2514 rejecerit.

953 2516 1006 2547 30.
1024 2517 1098 2547 Post
1111 2516 1180 2560 meu]
1205 2518 1281 2549 Non
1298 2517 1457 2559 proxime,
1471 2526 1547 2548 nam
1571 2517 1659 2549 Sext.

912 2560 1060 2592 Peduceo
1081 2562 1239 2599 Praetore,
1264 2563 1416 2605 Qaestor
1439 2560 1566 2593 tantum
1593 2559 1658 2593 fuit

913 2605 1041 2643 Cicero,
1055 2613 1089 2637 at
1111 2606 1261 2638 Caecilius
1281 2607 1397 2639 Verre.
1444 2607 1532 2638 Inter
1549 2605 1658 2638 Pedu-

912 2660 1006 2680 ceum
1036 2658 1146 2682 autem
1170 2658 1204 2682 et
1230 2651 1383 2689 Verrem,
1411 2652 1537 2683 Praetor
1565 2649 1600 2680 in
1623 2652 1661 2681 ea

913 2693 976 2725 fuit
991 2695 1156 2726 Sacerdos.

960 2739 1015 2770 133.
1031 2739 1108 2770 Non
1124 2737 1268 2780 nossent]
1293 2739 1464 2771 Noveram
1474 2738 1572 2771 Siculi
1587 2738 1659 2770 Cae-

913 2782 1039 2821 cilium,
1056 2783 1133 2815 cum
1153 2792 1270 2825 genere
1289 2782 1415 2815 Siculus
1429 2792 1521 2822 esset,
1535 2790 1568 2815 et
1584 2783 1662 2826 quia

912 2837 1072 2859 noverant
1087 2838 1162 2859 eum
1183 2827 1336 2869 ignarum
1357 2834 1391 2859 et
1415 2828 1616 2871 improbum,
1630 2827 1662 2858 ei

913 2881 1044 2903 causam
1059 2881 1149 2904 suam
1166 2870 1328 2904 confidere
1344 2872 1411 2905 ausi
1427 2883 1492 2904 non
1508 2880 1594 2904 sunt.

937 2927 969 2956 D
1473 2917 1532 2957 11.
1565 2915 1657 2958 Ad-

1144 1357 1245 1400 Quo
1277 1372 1353 1414 ego
1374 1364 1388 1381 ²
1408 1357 1651 1416 adjumento
1668 1372 1728 1409 30
