1872 3140
47 1721 88 1799 Proin
48 1655 86 1702 16.
60 1595 89 1639 32

475 152 706 193 ORATIO
734 147 855 194 PRO
884 152 946 194 M.
977 150 1316 195 MARCELLO.

136 267 229 315 tuis,
252 278 338 305 non
358 266 489 321 dictim
512 267 704 315 cursibus,
725 268 794 307 sed
822 267 996 308 victoriis
1027 276 1039 290 ⁰
1059 269 1236 309 lustratae
1269 275 1374 308 sunt·

1434 267 1538 322 Quae
1561 269 1650 322 qui-

135 323 229 362 dem
249 336 326 385 ego
355 323 431 362 nisi
463 333 545 363 tam
576 338 722 378 magna
742 339 825 364 esse
852 323 992 373 fatear,
1024 335 1068 365 ut
1100 339 1146 365 ea
1178 325 1248 364 vix
1282 324 1514 378 cujusquam
1534 338 1649 364 mens

135 388 201 418 aut
230 379 420 433 cogitatio
450 395 590 433 capere
620 381 757 434 possit,
788 395 925 422 amens
954 381 1054 421 sim:
1083 382 1153 421 sed
1182 391 1318 422 tamen
1348 390 1440 420 sunt
1469 380 1546 420 alia
1565 395 1648 420 ma-
1672 384 1722 418 10

126 434 229 485 jora.
285 435 395 476 Nam
426 437 585 477 bellicas
605 438 740 478 laudes
779 438 908 478 solent
938 438 1101 492 quidem
1138 448 1357 478 extenuare
1390 435 1538 486 verbis,
1566 452 1650 478 eas-

132 505 211 545 que
267 492 482 534 detrahere
528 494 709 544 ducibus,
763 495 1060 535 communicare
1094 508 1186 534 cum
1220 494 1429 542 militibus,
1464 508 1517 534 ne
1554 509 1650 549 pro-

128 547 226 600 priae
256 548 334 590 sint
364 551 673 604 imperatorum3
722 561 762 591 et
803 552 912 591 certe
954 551 996 590 in
1040 551 1174 599 armis,
1214 551 1390 591 militum
1419 551 1559 600 virtus,
1589 552 1650 592 lo-

130 618 272 646 corum
306 608 598 660 opportunitas,
637 608 781 648 auxilia
823 607 1039 656 sociorum,
1079 608 1234 655 classes,
1266 618 1511 648 commeatus
1544 603 1649 649 mul-

128 657 222 701 tum
253 661 423 713 juvant3
453 664 672 704 maximam
710 661 808 704 vero
835 674 991 717 partem
1025 663 1136 718 quasi
1162 678 1234 704 suo
1262 663 1355 716 jure
1389 662 1552 706 fortuna
1571 665 1645 706 sibi
1669 668 1719 703 15

130 717 323 768 vindicat,
363 729 403 762 et
433 720 631 774 quidquid
661 711 721 760 est
761 722 951 774 prospere
990 730 1164 775 gestum,
1205 720 1247 760 id
1277 721 1381 773 pene.
1413 735 1535 761 omne
1573 722 1649 763 du·

130 773 184 815 cit
214 790 344 816 suum.
400 778 458 817 At
479 773 577 816 vero
596 776 715 828 hujus
747 777 900 832 gloriae,
921 776 970 817 C.
1001 776 1150 827 Caesar,
1191 791 1312 831 quam
1352 791 1392 817 es
1423 778 1544 831 paulo
1576 794 1649 819 an—

132 828 172 871 te
193 832 373 887 adeptuS,
401 833 554 873 socium
592 834 716 873 habes
754 835 982 883 neminem;
1012 844 1145 874 totum
1175 834 1254 874 hoc
1286 832 1645 890 quantumcunque

128 897 203 937 ost,
236 890 345 942 quod
378 885 486 930 certe
519 890 743 930 maximum
773 901 846 940 est,
878 901 1010 931 totum
1041 902 1117 942 est,
1152 891 1335 944 inquam,
1369 901 1513 939 tuum3
1542 893 1646 933 nihil

128 945 200 986 sibi
235 959 286 986 ex
319 942 394 987 istst
427 947 546 987 laude
580 946 792 996 Centurio,
831 947 934 987 nihil
967 947 1203 996 Praefectus,
1241 947 1346 988 nihil
1364 947 1524 996 cohors,
1544 949 1645 990 nihil
1663 951 1719 988 20

1489 1060 1493 1061 V
1514 1015 1646 1048 turma

746 1176 760 1192 ‘²
770 1176 990 1222 pervagatte.

170 1399 199 1427 8.
229 1395 392 1436 Cursibus]
423 1395 606 1437 Hyperbole
635 1398 772 1437 egregia:
812 1397 866 1426 vix

127 1441 214 1470 enim
224 1440 294 1479 quis
307 1440 364 1470 has
375 1440 517 1478 regiones
527 1446 630 1480 posset
641 1441 786 1471 cursibus
799 1450 866 1478 per-

130 1491 251 1522 agrare.

172 1527 221 1556 10.
237 1525 314 1556 Sunt
328 1525 386 1556 alia
401 1525 543 1568 majora]
558 1525 711 1566 Intelligit
726 1525 865 1557 clemen-

124 1568 217 1606 tiam,
226 1578 300 1609 quae
310 1569 461 1600 omnibus
470 1570 610 1600 victoriis
624 1576 655 1599 et
668 1569 758 1599 rebus
769 1569 860 1605 belli-

122 1610 169 1641 cis
180 1612 303 1644 videtur
317 1612 555 1654 anteponenda3
571 1613 648 1653 quia
664 1619 730 1643 tota
740 1619 786 1642 est
798 1611 859 1641 cle-

124 1655 246 1686 mentia
261 1655 408 1686 Caesaris:
429 1656 617 1686 at.victoriae
633 1662 664 1685 et
678 1665 723 1685 res
737 1654 859 1684 bellicae

124 1697 181 1735 ipsi
204 1704 280 1728 sunt
303 1707 380 1729 cum
408 1698 538 1738 reliquis
563 1697 637 1739 belli
666 1698 801 1728 ducibus
828 1705 859 1739 et

122 1739 284 1771 militibus
304 1750 507 1777 communes,
518 1743 603 1772 unde
622 1749 757 1772 sumunt
778 1749 858 1770 non-

108 1783 206 1822 ·nulli
223 1785 421 1814 occasionem
437 1794 487 1814 eas
502 1784 708 1824 attenuandi.

171 1826 219 1856 13.
233 1827 469 1868 Imperatorum]
486 1827 662 1867 Imperator
678 1827 782 1857 dictus
799 1834 857 1863 est,

122 1870 178 1907 qui
194 1871 260 1900 suis
281 1871 429 1909 auspiciis
449 1871 625 1901 exercitum
652 1871 798 1910 ducebat,
824 1878 855 1900 et

112 1911 244 1952 ‚aliquot
270 1913 414 1943 hostium
439 1912 540 1943 millia
557 1913 589 1943 in
605 1913 674 1943 acie
692 1913 854 1943 ceciderat.

120 1955 292 1986 Suetonius
307 1956 428 1993 scribit,
449 1955 577 1986 Julium
606 1957 763 1986 Caesarem
790 1957 855 1997 Im-

119 1999 268 2037 peratoris
284 2007 467 2039 praenomen
480 2005 682 2039 perpetuum,
696 2006 726 2028 et
737 2008 855 2039 cogno-

122 2050 197 2071 men
214 2042 314 2073 Patris
327 2042 440 2073 Patriae
454 2040 473 2071 a
489 2042 603 2072 Senatu
620 2042 789 2082 accepisse.

164 2083 210 2114 lb.
222 2084 265 2114 Et
278 2084 352 2115 certe
368 2085 399 2115 in
412 2084 522 2124 armis-‚J
544 2085 662 2116 Causas
676 2085 805 2125 profert,
814 2093 856 2115 ex

121 2127 238 2166 quibus
252 2128 383 2158 victoria
395 2127 542 2158 efficitur.

160 2173 216 2210 24.
235 2169 442 2212 Commotus]
476 2172 536 2202 Per
559 2178 777 2202 commeatum
807 2171 856 2200 in-

113 2213 234 2254 telligit
255 2224 294 2246 ea
318 2215 428 2245 omnia
453 2224 526 2254 quae
550 2213 704 2245 exercitui
732 2213 780 2245 vel
807 2215 856 2244 in-

119 2258 288 2296 struendo,
313 2257 364 2288 vel
392 2257 518 2295 alendo,
540 2267 667 2297 prorsus
682 2257 856 2288 necessaria

119 2307 206 2331 sunt.

166 2344 217 2375 15.
232 2343 390 2384 Fortuna-J
407 2345 547 2376 Fortuna
558 2343 704 2374 maxime
718 2343 750 2373 ih
762 2342 854 2374 bellis

120 2395 236 2426 anceps
263 2388 402 2427 dicitur,
429 2388 507 2428 quid
540 2386 629 2418 enim
653 2384 782 2418 victorii
807 2387 855 2417 in-

121 2429 237 2460 certius
248 2427 261 2461 ?

169 2473 218 2502 17.
242 2471 285 2502 Ae
299 2476 367 2504 new
379 2473 464 2513 liujus
475 2470 602 2514 gloriae.]
635 2472 776 2513 Apponit
791 2471 852 2501 dis-

119 2514 376 2552 similitudinem,
403 2514 466 2556 qui
493 2517 630 2547 ostendit
645 2514 774 2546 laudem
791 2513 854 2551 ele-

122 2559 253 2588 mentiae
288 2558 347 2596 sibi
373 2560 535 2600 wpriam
566 2559 724 2590 Caesarem
752 2557 855 2587 vindi·

122 2610 205 2638 care,
223 2601 416 2632 restituendo
431 2602 558 2633 Senatui
570 2600 856 2641 Marce11um,quia

108 2643 182 2685 ,ipsi
200 2643 293 2674 unica
304 2650 364 2680 est,
377 2653 436 2675 neo
451 2646 636 2676 communis
650 2653 727 2676 cum
740 2643 818 2674 aliis.

167 2687 219 2718 20.
245 2685 404 2726 Ceruaria]
437 2687 590 2727 Vegetius
605 2687 668 2721 lib.
692 2687 722 2717 2.
740 2696 806 2727 cap.
825 2687 852 2716 8.

110 2729 202 2772 ,dicit
215 2730 312 2760 fuisse
342 2729 535 2767 Centuriones,
554 2731 605 2770 qui
617 2729 745 2771 singulas
758 2733 856 2760 centu-

122 2773 183 2803 rias
194 2772 346 2810 curabant,
368 2772 417 2812 qui
441 2781 516 2802 nunc
535 2772 685 2803 centenarii
704 2772 857 2804 nominan-

123 2821 179 2846 tur.
226 2815 382 2848 Centurio
396 2813 470 2846 vero
484 2812 638 2855 equitu'm
648 2821 708 2853 est,
729 2821 760 2846 et
772 2816 858 2846 Prae-

122 2859 227 2898 fectus
239 2859 383 2899 peditum
397 2857 473 2888 dux.

111 2925 127 2941 ⁸.
166 2903 218 2941 20.
252 2896 342 2934 Mhi!
381 2899 565 2942 Praefiet'uss
606 2900 749 2933 Proefecti
779 2901 857 2932 var'ei
892 2928 901 2932 s

846 2947 874 2986 Ξ

911 1398 1057 1435 fuerunt;
1083 1397 1134 1427 alii
1150 1396 1296 1438 legionis,
1313 1396 1367 1435 qui
1388 1394 1509 1435 propri}
1521 1396 1641 1435 judice-

910 1440 998 1477 bant,
1021 1448 1051 1471 et
1067 1441 1134 1482 qui,
1149 1440 1332 1479 absentibus
1347 1437 1469 1478 legatis,
1486 1445 1643 1479 tanquam

910 1483 1049 1521 ipsorum
1072 1484 1178 1514 vicarii
1197 1483 1383 1522 potestatem
1402 1483 1578 1512 maximam
1597 1493 1644 1513 re-

910 1527 1070 1564 tinebant3
1098 1526 1151 1557 alii
1168 1532 1355 1562 castrorum,
1370 1526 1408 1555 ad
1424 1535 1506 1566 quos
1522 1534 1641 1555 castro-

904 1579 976 1599 rum
995 1568 1122 1609 positio,
1137 1568 1261 1613 valli-et
1275 1569 1367 1598 fossae
1391 1568 1558 1598 destinatio
1574 1577 1641 1607 per-

904 1613 1046 1643 tinebant
1059 1624 1068 1651 3
1085 1612 1137 1643 alii
1150 1620 1298 1648 annonae,
1309 1611 1363 1649 qui
1375 1611 1530 1650 curabant
1541 1619 1641 1641 anno-

903 1665 992 1691 nam,
1009 1663 1040 1685 et
1054 1663 1091 1686 ut
1103 1655 1178 1695 equi
1191 1661 1223 1684 et
1232 1662 1333 1684 vestes
1343 1662 1466 1693 semper
1482 1653 1639 1684 militibus

903 1707 1020 1736 paratae
1036 1705 1147 1729 essent.
1574 1694 1577 1697 '

945 1741 990 1771 Ib.
1010 1738 1142 1780 Cohors]
1174 1740 1344 1777 Modestus
1371 1746 1402 1769 et
1428 1739 1580 1778 Vegetius
1605 1739 1638 1769 in

904 1782 967 1813 uni
993 1786 1115 1824 legione
1141 1783 1294 1814 Cohortes
1317 1782 1426 1812 decem
1443 1783 1538 1813 fuisse
1562 1783 1640 1813 scri-

902 1827 998 1864 bunt,
1018 1836 1153 1868 quarum
1170 1826 1272 1866 prima
1288 1832 1319 1855 et
1332 1834 1467 1855 numero
1483 1832 1515 1855 et
1537 1825 1638 1864 digni·

901 1877 963 1899 tate
978 1869 1246 1900 rnilitumcaeteris
1262 1869 1441 1909 praestabat.
1489 1868 1566 1898 Haec
1580 1878 1636 1899 ou—

900 1920 966 1943 tem
977 1913 1168 1952 suscipiebat
1180 1913 1421 1951 Aquilamque>
1434 1911 1638 1951 praecipuum

900 1956 1124 1987 Rornanorum
1140 1954 1296 1986 vexillum
1307 1961 1381 1985 erat.
1405 1953 1488 1984 Haec
1499 1954 1638 1985 habebat

897 1999 1016 2039 pedites
1047 1998 1135 2029 mille
1166 2004 1299 2028 centurn
1320 2004 1351 2028 et
1376 1998 1532 2037 quinque,
1559 2005 1638 2027 curn

898 2042 1060 2082 equitibus
1072 2041 1208 2074 loricatis
1220 2047 1352 2072 centurn
1363 2040 1489 2079 triginta
1498 2039 1636 2077 duobus,

899 2093 930 2115 et
942 2084 1064 2116 Cohors
1082 2084 1231 2115 milliaria
1247 2083 1422 2120 dicebatur,
1436 2090 1468 2113 et
1489 2082 1637 2122 princeps

901 2128 996 2158 totius
1008 2127 1144 2169 legionis
1154 2134 1233 2163 erat,
1245 2126 1262 2157 ἐι
1276 2124 1349 2167 qua,
1358 2124 1434 2156 cum
1444 2126 1482 2155 ad
1492 2135 1637 2166 pugnam

899 2171 1093 2202 veniendum
1111 2176 1188 2207 erat,
1199 2171 1303 2210 prima
1317 2169 1400 2200 acies
1411 2169 1635 2205 instruebatur.

901 2215 929 2244 2.
945 2215 1091 2245 Secunda
1104 2213 1224 2244 Cohors
1240 2211 1378 2243 habebat
1394 2211 1510 2251 pedites
1521 2211 1594 2242 555.
1606 2218 1637 2241 et

899 2257 1022 2297 equites
1039 2257 1089 2288 66.
1108 2262 1139 2286 et
1166 2255 1443 2297 quinquagenaria
1463 2253 1636 2286 dicebatur.

898 2301 1001 2330 Tertia
1017 2306 1061 2330 tot
1084 2300 1275 2340 numerabat
1289 2298 1421 2337 pedites,
1444 2303 1475 2341 et
1499 2297 1634 2336 equites:

897 2342 932 2373 in
947 2341 1009 2383 qui
1019 2342 1185 2374 validiores
1197 2342 1425 2381 probabantur,
1437 2339 1512 2381 quia
1525 2340 1556 2369 in
1567 2348 1638 2370 rne-

899 2384 949 2416 dia
965 2393 1031 2416 erat
1042 2386 1118 2417 acie.
1144 2385 1264 2426 Quarta
1274 2383 1397 2425 pedites
1410 2383 1482 2413 600.
1503 2389 1533 2412 et
1545 2382 1637 2422 equi-

901 2435 946 2460 tes
963 2429 1014 2458 66.
1044 2428 1154 2460 Totin
1167 2425 1282 2468 quinta
1293 2426 1564 2458 numerabantur:
1581 2425 1636 2454 sed

896 2479 1041 2503 strenuos
1057 2480 1204 2512 quosque
1231 2469 1350 2500 milites
1375 2469 1533 2508 exigebat,
1559 2466 1636 2506 quia

897 2515 980 2546 sicut
993 2515 1098 2555 prima
1114 2513 1237 2545 Cohors
1252 2513 1412 2547 dextrum,
1429 2511 1474 2541 sic
1488 2509 1541 2541 illa
1559 2510 1636 2540 sini*-

894 2559 1000 2588 'strum
1015 2555 1115 2588 cornu
1132 2556 1276 2593 tenebat;
1291 2555 1434 2595 quinque
1448 2551 1544 2593 porro
1572 2551 1635 2584 illae

899 2602 1044 2632 cohortes
1061 2601 1093 2631 in
1110 2596 1210 2640 prima
1226 2599 1292 2629 acie
1307 2598 1441 2628 stabant.

943 2645 1039 2676 Se-xta
1069 2643 1192 2679 Cohors
1229 2640 1368 2671 habebat
1405 2639 1524 2679 pedites
1558 2639 1650 2682 555..
1675 2645 1687 2658 x

899 2687 1022 2728 equites
1051 2687 1101 2716 66.
1137 2685 1189 2715 illa
1220 2688 1328 2714 autem
1352 2683 1385 2712 in
1407 2679 1544 2713 secundi
1567 2682 1635 2713 acie

900 2737 970 2770 post
992 2729 1145 2769 Aquilam
1167 2726 1380 2757 ordinabatur.
1426 2724 1568 2765 Septima
1581 2734 1636 2764 pe-

898 2773 976 2804 dites
994 2773 1066 2804 555.
1097 2771 1173 2802 cur‘n
1191 2768 1354 2809 equitibus
1368 2769 1422 2799 56.
1449 2767 1480 2798 in
1496 2760 1641 2809 secund

898 2814 965 2846 acie
978 2815 1085 2846 media
1097 2811 1297 2844 consistebat.
1346 2811 1383 2841 ln
1399 2805 1522 2848 octavfi,
1536 2806 1635 2847 nosti,

901 2865 933 2889 et
948 2854 1246 2907 deeimfiffiffqtidem
1270 2859 1360 2884 erant
1386 2853 1514 2885 milites.
1557 2853 1636 2883 Haec

1122 2909 1128 2914 ·
1521 2895 1636 2937 ultima

907 2957 930 2982 C

1647 157 1726 193 355

1856 2695 1867 2727 v„
