1872 3140
360 104 431 154 IN
460 105 530 152 M.
561 106 911 152 ANTONIUM
942 106 1294 152 PHILIPPICA
1322 109 1404 151 IX.
1639 114 1726 160 469

108 223 353 291 Augeatur
342 223 469 281 igitur
495 224 575 267 is‘to
590 223 714 267 etiam
746 224 940 266 honore
931 240 963 266 15
981 223 1058 278 vir,
1090 223 1159 267 cui
1178 222 1320 266 nullus
1340 224 1476 266 honor
1496 224 1623 268 tribui

109 299 197 328 non
214 283 377 326 debitus
397 292 563 340 potest:
586 283 690 341 grati
705 281 838 324 simus
858 283 901 324 in
921 284 1009 340 ejus
1026 292 1160 325 morte
1174 282 1423 334 decoranda,
1442 284 1510 326 cui
1525 284 1623 325 nul-

108 341 298 407 lamjam
325 340 487 384 aliamh
511 320 688 399 gratiam
723 340 870 383 referre
903 355 1157 405 possumus·
1147 373 1157 382 .
1195 349 1362 382 notetur
1395 342 1522 384 etiam
1556 343 1620 385 M.
1648 346 1728 384 120

106 398 303 452 Antonii,
328 398 533 442 nefarium
567 398 725 442 bellum
759 397 953 457 gerentis,
977 398 1170 441 scelerata
1189 398 1388 441 audacia·
1376 431 1389 451 ‚
1426 400 1491 443 his
1512 402 1627 444 enim

106 458 336 500 honoribus
358 457 506 500 habitis
527 458 616 501 Ser.
640 456 842 514 Sulpicio,
866 457 1089 513 repudiatae
1125 457 1371 515 rejectaeque
1408 457 1627 517 legationis

108 515 162 559 ab
182 516 372 561 Antonio
391 515 580 560 manebit
595 515 831 559 testificatio
853 514 1116 573 sempiterna

726 627 745 655 ¹¹
751 629 1024 681 gratitudinem.

701 742 1062 802 PERORATIO.

160 870 353 907 Peroratio
371 871 618 920 complectitur
646 869 803 913 honores,
820 869 948 920 quibus
975 870 1015 907 in
1038 868 1199 919 sepulcro
1216 876 1250 905 et
1266 867 1387 906 statuti
1406 867 1552 907 Servius
1575 869 1659 909 Sul-

46 920 49 923 ’
99 923 224 973 picius
241 936 282 960 ex
294 923 464 961 mandato
485 924 672 961 Consulum
691 925 816 960 ornari
832 921 941 960 debet.

167 1032 248 1076 IV.
271 1032 390 1077 Quas
420 1031 473 1074 ob
495 1045 556 1073 res
576 1030 634 1073 ita
673 1045 850 1074 censeo:
886 1030 1028 1073 CUM
1059 1030 1148 1072 Ser.
1166 1029 1393 1094 Sulpicius,
1417 1031 1477 1074 Q.
1500 1032 1548 1074 F.
1573 1031 1657 1074 Le-

108 1091 269 1144 monia,
307 1089 462 1142 Rufus,
494 1087 742 1131 difficillimo
777 1089 1017 1144 reipublicae
1039 1097 1241 1144 tempore,
1264 1104 1375 1145 gram
1399 1090 1654 1145 periculoso-

105 1163 188 1205 que
204 1148 353 1212 morbo
388 1148 574 1199 affectus,
600 1145 888 1189 auctoritatem
921 1147 1101 1189 Senatus
1123 1146 1381 1211 salutemque
1403 1149 1545 1204 populi
1567 1148 1656 1191 Ro-

105 1205 224 1248 mani
245 1206 341 1249 vitae
378 1220 465 1248 suae
496 1205 779 1262 praeposuerit,
802 1214 1027 1262 contraque
1048 1203 1134 1246 vim
1170 1205 1498 1270 gravitatemque
1519 1205 1657 1248 morbi

107 1263 381 1317 contenderit,
403 1274 452 1309 ut
481 1263 525 1306 in
547 1273 679 1305 castra
697 1263 896 1315 Antonii,
920 1265 1004 1320 quo
1035 1263 1213 1305 Senatus
1234 1278 1333 1328 eum
1353 1264 1538 1316 miserat,
1561 1279 1655 1320 per·
1704 1274 1728 1312 5

105 1320 293 1375 veniret3
326 1322 466 1387 isque
463 1337 564 1365 cum
589 1321 682 1385 jam
704 1336 831 1378 prope
851 1330 984 1364 castra
1003 1321 1197 1373 venisset,
1216 1320 1257 1363 vi
1276 1322 1415 1378 morbi
1437 1337 1583 1379 oppres
1569 1337 1657 1365 5505

105 1378 237 1425 vitam
258 1379 441 1422 amiserit
458 1379 503 1422 in
522 1394 712 1421 mammo
733 1379 973 1436 reipublice
994 1394 1192 1421 munere:
1226 1394 1260 1436 e
1255 1381 1312 1421 ‘su
1316 1395 1397 1436 que
1416 1395 1530 1423 mors
1552 1396 1656 1422 con-

108 1446 304 1480 sentanea
323 1437 419 1480 vitae
436 1437 557 1480 fuerit
571 1437 833 1480 sanctissime
851 1437 1233 1502 honestissimeque
1250 1448 1370 1490 actae,
1386 1453 1430 1480 1n
1447 1454 1519 1502 qu·¹
1508 1439 1531 1480 {i
1549 1453 1659 1504 saepe

106 1509 265 1553 magno
284 1497 378 1538 usui
395 1495 634 1552 reipublicae
656 1498 745 1539 Ser.
769 1495 980 1552 Sulpicius
1001 1505 1042 1537 et
1074 1496 1255 1552 priv.atus
1276 1506 1315 1537 et
1336 1495 1381 1538 in
1401 1496 1656 1555 magistrati-

107 1553 188 1596 bus
209 1552 356 1597 fuerit:
393 1570 496 1597 cum
518 1554 610 1595 talis
629 1554 689 1596 vir
708 1554 762 1596 ob
780 1554 1084 1610 rempublicam
1113 1570 1156 1595 111
1179 1552 1382 1611 legatione
1411 1555 1561 1596 morbo
1582 1555 1657 1597 ob-
1681 1562 1733 1597 io

107 1611 219 1654 ierit:
254 1613 420 1654 Senatui
451 1611 629 1668 placere,
653 1613 742 1654 Ser.
767 1612 956 1683 Sulpicio
978 1622 1158 1653 statuam
1180 1613 1409 1668 pedestrem
1433 1628 1594 1654 aeneam
1613 1613 1658 1656 in

106 1669 266 1713 Rostris
286 1685 338 1712 ex
359 1671 483 1728 hujus
503 1669 659 1713 ordinis
694 1669 901 1712 sententia
921 1669 1062 1722 statui,
1097 1670 1342 1727 circumque
1361 1686 1452 1713 eam
1475 1680 1656 1713 statuam

106 1726 251 1769 locum
285 1726 580 1785 gladiatoribus
609 1726 799 1785 ludisque
819 1727 968 1770 liberos
992 1738 1257 1784 posterosque
1278 1728 1311 1785 ej
1321 1744 1365 1770 us
1389 1744 1655 1786 quoquover-

107 1799 177 1827 sus
199 1785 320 1842 pedes
340 1801 526 1843 quinque
543 1786 710 1838 habere,
732 1785 875 1843 quod
866 1801 900 1827 is
930 1786 985 1829 ob
1003 1786 1307 1842 rempublicam
1327 1796 1507 1829 mortem
1536 1787 1654 1829 obie-

106 1842 175 1895 rit,
198 1859 372 1901 eamque
393 1859 562 1886 causam
583 1844 628 1886 in
648 1844 733 1886 bas'
705 1860 737 1885 51
759 1843 959 1886 inscribi:
991 1843 1136 1900 utique
1158 1844 1212 1886 C.
1238 1845 1386 1896 Pansa,
1409 1845 1467 1887 Α.
1489 1845 1656 1888 Hirtius
1680 1852 1732 1892 15

109 1901 335 1954 Consules,
349 1901 465 1954 alter,
481 1903 672 1966 ambove,
686 1903 718 1944 si
735 1901 784 1943 iis
798 1901 932 1944 videbi
935 1911 1018 1953 tur,
1034 1901 1328 1945 Quaestoribus
1339 1902 1533 1944 urbanis
1526 1918 1659 1959 impe-

108 1968 215 2011 rent,
234 1971 282 2002 ut
300 1973 391 2001 eam
406 1959 490 2001 bas·
465 1975 557 2012 51111,
576 1970 664 2002 stat
660 1974 838 2024 iamque
855 1958 1088 2002 faciendam
1108 1969 1148 2001 et
1170 1959 1213 2001 in
1233 1961 1374 2001 rostris
1396 1961 1583 2003 statuenti
1589 1977 1659 2003 am

107 2015 276 2069 locent;
308 2027 535 2074 quantique
553 2016 796 2070 locaverint
833 2027 993 2059 tantam
1025 2017 1249 2074 pecuniam
1270 2017 1518 2074 redemptori
1539 2020 1657 2060 attri-

106 2074 321 2118 buendam
342 2075 666 2140 solvendamque
687 2084 858 2118 curent:
893 2091 1079 2132 cumque
1098 2079 1220 2118 antea
1236 2076 1414 2117 Senatus
1431 2077 1656 2119 auctorita-

107 2141 195 2175 tem
216 2147 336 2174 Suam
366 2148 410 2175 ln
432 2149 614 2176 Vlroxum
638 2134 807 2175 lOl'tiUm
841 2133 1056 2176 funeribus
1089 2134 1429 2211 Ol‘nal'ssentljsque
1462 2135 1654 2176 ostende·
1678 2143 1734 2177 ΕΟ
1760 2138 1806 2170 i*

109 2189 189 2243 rit;
222 2190 396 2246 placere,
433 2206 529 2234 eum
566 2193 696 2248 quam
734 2191 882 2248 amplis
888 2191 993 2233 51010
1029 2199 1044 2216 ²
1078 2206 1274 2247 supremo
1309 2192 1374 2232 die
1397 2207 1471 2233 suo
1493 2192 1652 2235 efferri:

109 2250 268 2291 etcum
292 2250 378 2292 Ser.
420 2249 647 2306 Sulpicius,
684 2250 743 2293 Q.
766 2249 815 2293 F.
852 2248 1078 2303 Lemonia,
1100 2249 1252 2302 Rufus,
1285 2249 1343 2292 ita
1362 2250 1411 2291 de
1445 2250 1659 2307 republica

445 2332 465 2350 ἢ

731 2388 748 2407 ²
766 2384 972 2430 diesuncrz's
985 2384 1051 2420 sui.

157 2487 185 2518 1
199 2488 273 2520 Cum
285 2488 348 2520 Ser.
362 2487 535 2531 Sulpicius]
546 2489 671 2521 Servius
683 2488 738 2521 ille
755 2489 862 2533 Sulpi-
907 2491 995 2528 dare,
1008 2499 1084 2530 nam
1101 2488 1168 2522 ludi
1185 2488 1301 2521 scenici
1318 2499 1383 2521 non
1407 2489 1441 2521 in
1456 2488 1541 2529 soro,
1558 2490 1613 2522 sed
1629 2490 1662 2522 in

110 2530 177 2563 eius
193 2532 279 2564 filius
294 2533 355 2565 suit
373 2533 569 2577 QSulpicii
583 2534 672 2572 Rufi,
685 2546 723 2566 ex
739 2536 863 2566 Lemo·
908 2535 1037 2567 theatro
1050 2534 1220 2567 dabantur.

110 2576 163 2607 nis
175 2576 294 2615 Tribu,
311 2588 381 2629 ‘³¹¹3‘
394 2579 580 2609 Lemonia
567 2592 583 2610 a
599 2581 687 2621 Bago
699 2579 862 2610 Lemonio
955 2581 1002 2610 15.
1022 2580 1063 2610 In
1079 2580 1168 2620 haul]
1185 2577 1270 2610 Basis
1283 2588 1331 2610 est
1347 2578 1434 2620 quod
1448 2585 1596 2617 statuam,
1607 2585 1664 2610 aut

107 2620 268 2671 appellata
283 2630 342 2660 est,
353 2623 446 2664 juxta
468 2632 598 2664 portam
614 2623 789 2666 Capenam,
812 2623 865 2654 via
908 2634 976 2655 rem
993 2623 1138 2666 quamvis
1154 2624 1222 2654 solo
1239 2622 1334 2654 altius
1345 2623 1491 2654 sustinet.

110 2665 184 2696 Lat·
177 2671 237 2696 11111.
957 2669 1008 2699 18.
1027 2668 1224 2709 Redemptori.
1227 2668 1241 2710 ]
1253 2668 1453 2710 Redemptor
1465 2667 1596 2705 dicitur,
1606 2666 1664 2709 qui

160 2710 207 2739 13.
225 2709 338 2741 Locum
359 2710 606 2754 glaiirztorihus]
623 2710 706 2744 Vult
722 2718 759 2744 ut
774 2711 862 2744 locus
908 2719 994 2744 certo
1018 2712 1126 2752 pretio
1145 2723 1226 2754 opus
1252 2711 1384 2753 aliquod
1412 2711 1591 2743 faciendum
1608 2722 1653 2742 su
1655 2722 1666 2741 )

111 2754 248 2796 posteris
237 2753 397 2796 ³Sulpicii
414 2755 507 2786 detur
524 2756 556 2786 in
573 2755 658 2794 foro,
673 2755 786 2787 undes
775 2767 865 2802 s-pec
909 2756 1054 2799 periculo
1080 2756 1243 2788 conduxit.
1292 2756 1421 2799 Ulp.1.
1425 2755 1468 2789 ib.
1485 2757 1536 2787 8⁰
1554 2756 1597 2787 D.
1624 2756 1666 2787 de

111 2805 182 2830 tent
196 2797 288 2830 ludos
305 2798 360 2841 qui
379 2802 395 2830 a
410 2798 645 2842 gladiatoribus
661 2799 865 2832 exhibentur.
910 2800 1046 2833 reivind.

157 2842 411 2885 1b-Ludisque.]
445 2843 524 2875 Haec
542 2854 601 2877 xox
619 2843 750 2878 videtur
765 2844 868 2876 abun-

1029 2894 1053 2928 2
1077 2899 1108 2929 K
1131 2894 1154 2928 ε.)
1500 2886 1671 2929 meritus
