1918 3088
579 122 808 167 ORATIO
841 124 911 167 IN
941 124 996 165 L.
1030 121 1321 167 PISONEM.
1717 133 1798 174 293

227 240 329 284 XV.
363 239 498 292 Quid,
521 240 633 287 quod
666 241 770 283 cum
805 249 1031 282 sustentare
1061 240 1132 284 vix
1161 254 1302 296 posses
1331 253 1556 282 moerorem
1584 248 1722 292 tuum,

169 297 439 355 doloremque
473 295 741 350 decessionis,
775 299 1109 340 Samothraciam
1145 307 1184 340 te
1223 297 1427 354 primum,
1485 298 1579 353 post
1627 297 1725 339 inde

166 356 361 399 Thasum
381 371 483 398 cum
499 357 581 398 tuis
615 356 764 398 teneris
796 356 1073 410 saltatoribus,
1106 365 1146 398 et
1175 372 1276 398 cum
1308 356 1543 407 Autobulo,
1580 355 1724 397 Atha·

131 438 134 439 ⁷
167 423 308 457 mante
327 423 369 455 et
383 415 591 466 Timocle,
617 414 810 458 formosis
835 414 1043 467 fratribus,
1066 414 1279 457 contulisti
1300 415 1313 455 ?
1344 413 1460 471 quid,
1485 414 1596 472 quod
1619 415 1722 455 cum

165 472 262 514 inde
277 481 316 514 te
334 472 551 529 recipiens,
564 472 606 515 in
624 472 721 515 villa
731 473 975 526 Euchadiae,
992 489 1086 530 quae
1104 471 1183 514 fuit
1198 487 1303 514 uxor
1316 473 1520 530 Exegisti,
1533 471 1721 530 jacuisti,
1740 479 1764 514 5

168 545 354 574 moerens
371 531 528 588 aliquot
548 531 632 574 dies
649 548 663 584 3
697 541 822 589 atque
843 530 939 574 inde
959 539 974 560 ὃ
988 530 1197 572 obsoletus
1212 529 1725 582 Thessalonicam,omni-

135 602 139 605 ·
165 587 248 634 hus
268 589 560 642 inscientibus,
582 598 795 647 noctuque
815 586 989 631 venisti?
1025 588 1098 645 qui
1119 590 1224 630 cum
1243 603 1498 630 concursum
1520 587 1726 644 ploranti-

162 661 255 699 um,
279 662 327 689 ac
347 656 637 704 tempestatem
664 646 924 703 querelarum
954 644 1058 689 ferre
1078 660 1164 688 non
1187 660 1342 700 posseS,
1367 646 1409 688 in
1430 647 1632 702 oppidum
1652 647 1724 689 de-

162 703 281 748 vium
298 706 497 748 Beroeam
518 705 734 763 profugisti
752 720 760 747 :
795 719 878 760 quo
899 703 944 745 in
963 703 1118 761 oppido
1150 705 1251 746 cum
1272 704 1349 745 tibi
1369 719 1439 760 spe
1461 705 1577 755 falsa,
1607 705 1720 761 quod

164 763 226 807 Q.
244 763 512 807 Ancharium
526 778 613 805 non
628 778 715 805 esse
732 777 1023 806 successurum
1042 770 1222 818 putares,
1241 762 1404 803 animos
1424 777 1565 804 rumor
1579 762 1720 804 inflas·
1743 771 1794 805 10

164 829 257 874 set;
292 837 377 879 quo
398 830 437 863 te
455 821 584 866 modo
605 820 655 863 ad
686 830 804 864 tuam
828 820 1210 877 intemperantiam,
1245 819 1453 872 scelerate,
1477 820 1714 863 innovasti?

163 878 297 921 Mitto
331 894 480 922 aurum
511 879 794 932 coronarium,
818 878 929 936 quod
959 888 999 920 te
1030 877 1266 920 diutissime
1288 878 1405 920 torsit
1421 895 1434 931 3
1468 880 1570 920 cum
1591 880 1720 923 modo
1774 902 1777 906 ·

163 936 302 989 velles,
323 937 453 980 modo
479 936 611 979 nolles
627 954 642 991 3
675 937 740 980 lex
761 937 875 980 enim
904 936 1044 995 generi
1072 935 1135 978 tui
1155 948 1196 978 et
1215 936 1396 989 decerni,
1414 947 1454 978 et
1476 946 1514 978 te
1535 936 1721 992 accipere

162 995 341 1048 vetabat,
360 995 441 1037 nisi
460 995 624 1039 decreto
644 996 876 1052 triumpho,
939 996 991 1038 In
1012 1010 1097 1053 quo
1115 1003 1177 1048 tu,
1204 995 1376 1051 accepta
1407 1004 1546 1037 tamen
1560 1005 1615 1050 fit
1646 995 1719 1036 de-

137 1080 139 1083 ·
163 1054 306 1096 vorata
340 1054 536 1111 pecunia,
568 1065 620 1097 ut.
646 1054 690 1097 in
719 1055 982 1096 Ac'naeorum
1017 1063 1190 1096 centum
1219 1052 1402 1105 talentis,
1422 1068 1612 1095 evomere
1633 1068 1719 1102 non
1741 1059 1792 1097 15

162 1121 324 1168 poteras
344 1127 352 1153 :
385 1112 590 1156 vocabula
605 1114 771 1156 tantum
789 1111 1079 1169 pecuniarum,
1098 1120 1138 1154 et
1152 1126 1302 1169 genera
1317 1111 1524 1154 mutabas.
1587 1112 1719 1154 Mitto

158 1169 389 1227 diplomata
425 1173 514 1213 tota
543 1170 588 1213 in
618 1170 836 1229 provincia
868 1171 1024 1228 passim
1055 1171 1177 1213 data:
1212 1169 1335 1212 mitto
1355 1186 1579 1212 numerum
1596 1169 1717 1212 navi-

159 1241 252 1281 um,
274 1228 289 1252 ¹³
311 1242 610 1288 summamque
644 1230 824 1286 praedae:
876 1230 1000 1272 mitto
1030 1229 1236 1271 rationem
1271 1227 1404 1270 exacti
1443 1227 1719 1286 imperatique

157 1285 384 1330 frumenti:
431 1287 554 1330 mitto
586 1298 769 1345 ereptam
813 1287 1047 1331 libertatem
1092 1286 1271 1344 populiS,
1310 1302 1358 1328 ac
1407 1286 1600 1344 singuliS,
1642 1286 1717 1343 qui

155 1353 275 1387 erant
303 1344 440 1388 affecti
472 1346 657 1403 praemiis
677 1344 933 1389 nominatim
951 1363 960 1388 :
996 1361 1178 1404 quorum
1194 1344 1299 1387 nihil
1319 1354 1395 1397 est,
1420 1346 1531 1402 quod
1553 1360 1641 1387 non
1663 1343 1716 1388 sit
1733 1355 1790 1391 20

157 1402 247 1460 lege
275 1402 406 1458 Julia,
443 1419 496 1446 ne
527 1404 614 1447 fieri
653 1405 789 1457 liceat,
830 1404 1040 1448 sancitum
1069 1404 1300 1462 diligenter.
1360 1403 1585 1456 AEtoliam,
1619 1418 1716 1461 quae

161 1460 351 1517 procula
372 1461 553 1505 barbaris
574 1463 783 1521 disjuncta
803 1463 1015 1521 gentibus,
1047 1463 1092 1505 in
1123 1463 1219 1505 sinu
1248 1461 1362 1518 pacis
1393 1462 1541 1518 posita,
1574 1461 1715 1504 medio

158 1519 246 1561 fere
278 1519 461 1563 Graeciae
502 1521 662 1578 gremio
693 1521 932 1565 continetur
970 1523 1016 1577 (ὃ
1056 1535 1200 1577 poena,
1242 1522 1269 1563 ὃ
1309 1518 1417 1562 furia
1447 1520 1658 1562 sociorum
1677 1520 1710 1576 !)

490 1666 508 1686 ²
523 1662 705 1701 sordidus.

201 1852 232 1881 Q,
256 1847 519 1891 Samothraciam]
559 1848 781 1880 Samothracia
806 1847 909 1880 insula

156 1902 203 1928 est
219 1894 251 1926 in
262 1894 342 1925 mari
366 1896 475 1936 AEgeo
489 1894 581 1936 juxta
598 1895 757 1925 Lemnon.

199 1940 230 1970 3.
250 1939 280 1971 T
278 1940 409 1980 hai-mm]
435 1940 472 1969 In
490 1940 607 1970 eodem
622 1938 704 1970 mari
727 1940 837 1981 AEgeo
858 1937 908 1969 in-

149 1983 233 2017 suia.

199 2031 229 2059 7.
243 2029 424 2060 Concursum
433 2026 644 2070 plorantium]
679 2028 744 2060 Eos
759 2027 907 2072 designat

151 2073 209 2117 qui
225 2073 331 2105 vexati
346 2073 472 2105 fuerant
489 2076 506 2103 a
520 2070 646 2104 Pisone.

198 2119 227 2149 9.
244 2118 408 2158 Beroeam]
452 2119 564 2149 Beroea
587 2116 797 2150 Macedoniae
820 2116 909 2155 urbs,

151 2163 302 2195 Thraciae
319 2161 557 2195 Thessalonicae
574 2161 734 2204 proxima.

200 2209 250 2239 10.
265 2206 478 2250 Ancharium]
527 2206 716 2238 Ancharius
746 2216 908 2239 successor

152 2251 279 2284 Pisonis
290 2253 322 2284 in
340 2252 504 2294 provincia
520 2251 745 2284 Macedonica.

204 2299 251 2328 12.
280 2298 397 2328 Aurum
413 2296 627 2336 coronarium]
653 2299 786 2328 Aurum
815 2306 909 2327 coro-

153 2340 280 2372 narium
293 2342 425 2379 dicitur,
445 2341 532 2384 quod
549 2344 566 2370 a
577 2341 670 2372 victis
682 2341 834 2384 gentibus
850 2341 908 2372 da.-

152 2392 206 2416 tur
219 2397 228 2423 3
251 2385 462 2428 imponebant
477 2389 589 2417 autem
602 2385 682 2418 illud
693 2387 907 2428 imperatores

151 2437 287 2472 propter
303 2441 486 2463 concessam
501 2430 614 2468 vitam,
630 2430 693 2468 vel,
711 2439 747 2462 ut
763 2431 810 2462 ait
824 2429 903 2462 Gel-

149 2474 226 2512 lius,
249 2474 305 2506 lib.
321 2476 353 2507 5.
371 2485 449 2518 cap.
466 2475 498 2504 6·
551 2476 762 2517 Triumphales
788 2486 905 2506 corona?

150 2523 222 2550 sunt
237 2529 348 2556 aureae,
364 2530 431 2560 quae
452 2520 682 2559 imperatoribus
705 2520 741 2550 ob
766 2521 904 2551 honorem

150 2564 296 2604 triumphi
311 2565 485 2595 mittuntur.
528 2564 588 2596 Hoe
603 2565 773 2606 antiquitas
788 2565 803 2595 ἑ
819 2565 905 2596 lauro

150 2613 250 2645 erant,
266 2608 369 2648 posted
375 2607 452 2647 fieri
465 2620 502 2640 ex
516 2619 590 2639 auro
605 2614 717 2650 eoeptae.
890 2608 894 2611 ⁴

200 2653 248 2683 13.
265 2652 336 2683 Lex
348 2652 428 2682 enim
439 2653 545 2693 generi
560 2652 630 2696 tui.]
652 2655 723 2685 Lex
739 2652 827 2696 Julia
839 2652 903 2685 lata

970 1657 987 1684 δ
1004 1673 1240 1714 magnamque
1250 1660 1427 1711 proedam.

1000 1848 1050 1878 15.
1071 1847 1112 1877 Ut
1129 1848 1162 1878 in
1185 1847 1386 1890 Aclzaeorum]
1402 1855 1404 1859 ·
1428 1847 1479 1878 Sic
1495 1846 1603 1879 locum
1620 1847 1710 1882 hunc

952 1892 1130 1924 restituunt
1143 1891 1327 1929 Turnebus,
1344 1894 1512 1930 Gruterus,
1528 1902 1559 1924 et
1585 1895 1710 1925 Graevi-

953 1948 989 1969 us
1011 1938 1026 1967 ὲ
1044 1938 1142 1968 MSS.
1189 1936 1281 1968 Olim
1303 1937 1382 1968 editi
1401 1937 1523 1969 habent
1543 1939 1709 1970 Utinm-izo·

952 1993 1031 2020 rum,
1043 1993 1117 2024 quae
1133 1993 1194 2013 vox
1208 1981 1304 2013 nihili
1321 1989 1377 2013 est.
1403 1983 1477 2020 Sed,
1495 1984 1570 2015 §zuis
1586 1984 1708 2023 ignorat

951 2027 1076 2058 Aclztos
1089 2027 1239 2067 ingentem
1247 2028 1405 2067 pecuniam
1412 2028 1540 2068 pendere
1549 2027 1589 2058 L.
1598 2029 1626 2059 P
1631 2029 1709 2060 isone

952 2071 1141 2112 quotannis?
1177 2070 1284 2112 inquit
1309 2071 1379 2104 Cic.
1394 2072 1534 2104 in'Orat.
1551 2073 1591 2104 de
1607 2074 1708 2106 Prov-

956 2117 1055 2148 Cons.
1071 2126 1098 2146 c,
1115 2116 1147 2146 3.
1687 2124 1689 2126 ’

997 2160 1046 2192 lb.
1064 2161 1094 2191 E
1098 2171 1212 2192 vomere
1227 2171 1287 2192 non
1300 2161 1447 2204 poteras]
1490 2161 1705 2204 Metaphora,

952 2205 987 2237 id
1003 2214 1062 2242 est,
1076 2206 1254 2248 rependere
1270 2205 1360 2237 iilam
1378 2207 1551 2249 pecuniam
1577 2218 1673 2249 quam
1690 2211 1709 2238 ὲ,

953 2250 1114 2294 provincii}
1130 2250 1317 2283 abstulerat,

1002 2295 1050 2325 15.
1072 2295 1222 2326 Vocabalzz
1235 2296 1378 2338 tantiam]
1404 2295 1578 2328 Pecuniam
1591 2308 1707 2339 accep·

953 2347 1017 2372 tam
1033 2350 1100 2371 non
1115 2340 1321 2372 coronarium
1337 2352 1464 2379 aurum,
1485 2341 1540 2372 sed
1567 2341 1628 2373 alio
1645 2352 1705 2373 no-

954 2385 1040 2416 mine
1057 2384 1249 2426 appellabat.
1436 2411 1442 2420 ,

993 2429 1041 2461 lb.
1058 2429 1157 2460 Mitto
1169 2430 1356 2472 diplomata]
1380 2429 1572 2472 Diplomata
1598 2429 1706 2462 edicta

949 2482 1023 2506 sunt
1045 2482 1078 2505 et
1102 2474 1255 2506 mandata
1280 2474 1464 2517 principum
1487 2474 1579 2516 regio
1610 2475 1706 2516 signo

950 2527 1069 2550 sancta.
1117 2520 1187 2550 Nos
1205 2518 1303 2562 vulgo
1319 2519 1452 2550 dicimus
1469 2526 1611 2562 patentes
1628 2519 1704 2552 lite-

948 2573 1011 2595 ras.

996 2609 1045 2638 18.
1060 2608 1266 2649 Imperatique
1280 2606 1455 2646 frumenti]
1493 2609 1706 2640 Frumentum

948 2651 1193 2694 imperabantur
1207 2654 1283 2685 dare
1306 2651 1519 2695 provinciales
1545 2653 1587 2684 ad
1613 2653 1703 2686 aien-

148 2700 167 2729 ἑ
180 2696 268 2740 Julio
283 2698 409 2728 Caesare
421 2696 564 2734 vetabat,
576 2707 615 2729 ne
627 2698 691 2735 cui,
707 2698 763 2740 qui
778 2698 810 2729 in
826 2709 924 2740 pro-o
947 2697 1028 2728 dum
1041 2697 1220 2729 exerc-itum
1236 2696 1449 2730 Proconsulis.

147 2742 251 2773 vincia}
267 2753 340 2773 cum
357 2748 518 2783 potestate
537 2741 714 2784 impet-iove
737 2750 831 2781 esset,
845 2753 903 2785 pe-

150 2786 277 2818 cuniam
303 2796 429 2828 capere,
456 2785 626 2818 conciliare
652 2785 784 2818 liceret:
813 2795 904 2819 extra

144 2841 249 2881 quam
263 2831 289 2864 si
304 2832 343 2863 ad
367 2838 625 2869 monumentum,
637 2830 833 2874 templumve
849 2841 902 2867 ca-

152 2879 231 2918 piat}

994 2743 1048 2773 21.
1066 2743 1244 2783 AEtoliam.]
1281 2741 1405 2772 AEtoh‘a
1420 2740 1554 2772 Achaiae
1570 2742 1703 2785 regiun-

947 2785 1019 2836 cula
1034 2795 1094 2826 est,
1106 2787 1220 2831 Epiro.
1230 2785 1438 2823 Acarnaniae,
1452 2794 1484 2818 et
1502 2787 1614 2818 Locris
1628 2786 1704 2820 fini-

948 2838 1036 2863 tima.

958 2929 989 2960 Y
1011 2927 1035 2959 ε.)
1504 2916 1684 2975 deceden
1695 2935 1711 2961 s
