<?xml version="1.0" encoding="UTF-8"?>
<!DOCTYPE html PUBLIC "-//W3C//DTD XHTML 1.0 Transitional//EN"
    "http://www.w3.org/TR/xhtml1/DTD/xhtml1-transitional.dtd">
<html xmlns="http://www.w3.org/1999/xhtml" xml:lang="en" lang="en">
 <head>
  <title>
</title>
<meta http-equiv="Content-Type" content="text/html;charset=utf-8" />
  <meta name='ocr-system' content='tesseract 3.04.00' />
  <meta name='ocr-capabilities' content='ocr_page ocr_carea ocr_par ocr_line ocrx_word'/>
</head>
<body>
  <div class='ocr_page' id='page_1' title='image "./orationesquaedam00ciceuoft/orationesquaedam00ciceuoft_0593.png"; bbox 0 0 1872 3140; ppageno 0'>
   <div class='ocr_carea' id='block_1_1' title="bbox 667 154 1714 199">
    <p class='ocr_par' dir='ltr' id='par_1_1' title="bbox 667 154 1714 199">
     <span class='ocr_line' id='line_1_1' title="bbox 667 154 1714 199; baseline 0.001 -2"><span class='ocrx_word' id='word_1_1' title='bbox 667 155 751 197; x_wconf 87' lang='lat' dir='ltr'>DE</span> <span class='ocrx_word' id='word_1_2' title='bbox 781 154 1088 199; x_wconf 85' lang='lat' dir='ltr'><strong>AMICITIA.</strong></span> <span class='ocrx_word' id='word_1_3' title='bbox 1637 163 1714 198; x_wconf 83' lang='lat'>551</span> 
     </span>
    </p>
   </div>
   <div class='ocr_carea' id='block_1_2' title="bbox 96 266 1717 2766">
    <p class='ocr_par' dir='ltr' id='par_1_2' title="bbox 102 266 1717 488">
     <span class='ocr_line' id='line_1_2' title="bbox 106 266 1638 329; baseline -0.003 -14"><span class='ocrx_word' id='word_1_4' title='bbox 106 272 306 315; x_wconf 85' lang='lat' dir='ltr'>rationem</span> <span class='ocrx_word' id='word_1_5' title='bbox 343 270 485 329; x_wconf 75' lang='lat' dir='ltr'>religio</span> <span class='ocrx_word' id='word_1_6' title='bbox 506 266 677 313; x_wconf 84' lang='lat' dir='ltr'>deorum</span> <span class='ocrx_word' id='word_1_7' title='bbox 712 270 1030 322; x_wconf 76' lang='lat' dir='ltr'><strong>immortalium,</strong></span> <span class='ocrx_word' id='word_1_8' title='bbox 1067 268 1191 311; x_wconf 83' lang='lat' dir='ltr'>nobis</span> <span class='ocrx_word' id='word_1_9' title='bbox 1222 267 1553 321; x_wconf 74' lang='lat' dir='ltr'>defendentibus,</span> <span class='ocrx_word' id='word_1_10' title='bbox 1577 269 1638 311; x_wconf 84' lang='lat' dir='ltr'>fa-</span> 
     </span>
     <span class='ocr_line' id='line_1_3' title="bbox 102 325 1717 385; baseline -0.001 -13"><span class='ocrx_word' id='word_1_11' title='bbox 102 331 181 372; x_wconf 65' lang='lat' dir='ltr'>cile</span> <span class='ocrx_word' id='word_1_12' title='bbox 203 331 420 382; x_wconf 74' lang='lat' dir='ltr'>vincebat,</span> <span class='ocrx_word' id='word_1_13' title='bbox 461 339 582 385; x_wconf 66' lang='lat' dir='ltr'>atque</span> <span class='ocrx_word' id='word_1_14' title='bbox 605 328 643 369; x_wconf 90' lang='lat' dir='ltr'>id</span> <span class='ocrx_word' id='word_1_15' title='bbox 666 339 807 376; x_wconf 84' lang='lat' dir='ltr'>actum</span> <span class='ocrx_word' id='word_1_16' title='bbox 828 338 887 370; x_wconf 72' lang='lat' dir='ltr'>est</span> <span class='ocrx_word' id='word_1_17' title='bbox 910 330 1088 370; x_wconf 85' lang='lat' dir='ltr'>Praetore</span> <span class='ocrx_word' id='word_1_18' title='bbox 1109 342 1193 379; x_wconf 86' lang='lat' dir='ltr'>me,</span> <span class='ocrx_word' id='word_1_19' title='bbox 1215 325 1504 385; x_wconf 85' lang='lat' dir='ltr'>quinquennio</span> <span class='ocrx_word' id='word_1_20' title='bbox 1525 329 1639 379; x_wconf 56' lang='lat' dir='ltr'>ante,</span> <span class='ocrx_word' id='word_1_21' title='bbox 1657 337 1717 371; x_wconf 90' lang='grc'>40</span> 
     </span>
     <span class='ocr_line' id='line_1_4' title="bbox 103 385 1642 445; baseline -0.001 -17"><span class='ocrx_word' id='word_1_22' title='bbox 103 389 232 445; x_wconf 65' lang='lat' dir='ltr'>quam</span> <span class='ocrx_word' id='word_1_23' title='bbox 268 388 427 431; x_wconf 88' lang='lat' dir='ltr'>Consul</span> <span class='ocrx_word' id='word_1_24' title='bbox 459 402 552 428; x_wconf 87' lang='lat' dir='ltr'>sum</span> <span class='ocrx_word' id='word_1_25' title='bbox 586 386 717 429; x_wconf 82' lang='lat' dir='ltr'>factus</span> <span class='ocrx_word' id='word_1_26' title='bbox 733 403 746 439; x_wconf 78' lang='lat'><em>3</em></span> <span class='ocrx_word' id='word_1_27' title='bbox 780 387 917 443; x_wconf 85' lang='lat' dir='ltr'>itaque</span> <span class='ocrx_word' id='word_1_28' title='bbox 957 402 997 428; x_wconf 91' lang='lat' dir='ltr'>re</span> <span class='ocrx_word' id='word_1_29' title='bbox 1035 385 1184 442; x_wconf 78' lang='lat' dir='ltr'>magis,</span> <span class='ocrx_word' id='word_1_30' title='bbox 1224 388 1351 442; x_wconf 73' lang='lat' dir='ltr'>quam</span> <span class='ocrx_word' id='word_1_31' title='bbox 1385 385 1642 437; x_wconf 86' lang='lat' dir='ltr'>auctoritate,</span> 
     </span>
     <span class='ocr_line' id='line_1_5' title="bbox 105 445 590 488; baseline -0.006 -1"><span class='ocrx_word' id='word_1_32' title='bbox 105 461 227 487; x_wconf 84' lang='lat' dir='ltr'>causa</span> <span class='ocrx_word' id='word_1_33' title='bbox 248 447 315 488; x_wconf 86' lang='lat' dir='ltr'>illa</span> <span class='ocrx_word' id='word_1_34' title='bbox 336 445 501 487; x_wconf 74' lang='lat' dir='ltr'>defensa</span> <span class='ocrx_word' id='word_1_35' title='bbox 517 455 590 486; x_wconf 81' lang='lat' dir='ltr'>est.</span> 
     </span>
    </p>

    <p class='ocr_par' dir='ltr' id='par_1_3' title="bbox 102 499 1642 735">
     <span class='ocr_line' id='line_1_6' title="bbox 161 499 1642 559; baseline -0.001 -14"><span class='ocrx_word' id='word_1_36' title='bbox 161 505 327 546; x_wconf 86' lang='lat' dir='ltr'>XXVI.</span> <span class='ocrx_word' id='word_1_37' title='bbox 351 503 479 547; x_wconf 76' lang='lat' dir='ltr'>Quod</span> <span class='ocrx_word' id='word_1_38' title='bbox 516 502 548 543; x_wconf 88' lang='lat' dir='ltr'>si</span> <span class='ocrx_word' id='word_1_39' title='bbox 571 502 614 543; x_wconf 90' lang='lat' dir='ltr'>in</span> <span class='ocrx_word' id='word_1_40' title='bbox 649 501 790 553; x_wconf 60' lang='lat' dir='ltr'>scena,</span> <span class='ocrx_word' id='word_1_41' title='bbox 828 501 868 542; x_wconf 90' lang='lat' dir='ltr'>id</span> <span class='ocrx_word' id='word_1_42' title='bbox 902 510 978 552; x_wconf 86' lang='lat' dir='ltr'>est,</span> <span class='ocrx_word' id='word_1_43' title='bbox 1014 500 1056 543; x_wconf 88' lang='lat' dir='ltr'>in</span> <span class='ocrx_word' id='word_1_44' title='bbox 1089 499 1309 552; x_wconf 79' lang='lat' dir='ltr'>concione,</span> <span class='ocrx_word' id='word_1_45' title='bbox 1347 500 1389 542; x_wconf 91' lang='lat' dir='ltr'>in</span> <span class='ocrx_word' id='word_1_46' title='bbox 1413 501 1495 559; x_wconf 59' lang='lat' dir='ltr'>qua</span> <span class='ocrx_word' id='word_1_47' title='bbox 1519 499 1642 543; x_wconf 85' lang='lat' dir='ltr'>rebus</span> 
     </span>
     <span class='ocr_line' id='line_1_7' title="bbox 102 558 1640 615; baseline -0.003 -11"><span class='ocrx_word' id='word_1_48' title='bbox 102 562 212 604; x_wconf 84' lang='lat' dir='ltr'>fictis</span> <span class='ocrx_word' id='word_1_49' title='bbox 234 574 273 604; x_wconf 89' lang='lat' dir='ltr'>et</span> <span class='ocrx_word' id='word_1_50' title='bbox 293 560 547 603; x_wconf 75' lang='lat' dir='ltr'>adumbratis</span> <span class='ocrx_word' id='word_1_51' title='bbox 568 558 648 601; x_wconf 89' lang='lat' dir='ltr'>loci</span> <span class='ocrx_word' id='word_1_52' title='bbox 673 559 899 615; x_wconf 66' lang='lat' dir='ltr'>plurimum</span> <span class='ocrx_word' id='word_1_53' title='bbox 921 569 997 610; x_wconf 89' lang='lat' dir='ltr'>est,</span> <span class='ocrx_word' id='word_1_54' title='bbox 1020 569 1160 600; x_wconf 88' lang='lat' dir='ltr'>tamen</span> <span class='ocrx_word' id='word_1_55' title='bbox 1182 574 1326 600; x_wconf 83' lang='lat' dir='ltr'>verum</span> <span class='ocrx_word' id='word_1_56' title='bbox 1348 559 1468 611; x_wconf 82' lang='lat' dir='ltr'>valet,</span> <span class='ocrx_word' id='word_1_57' title='bbox 1489 558 1522 600; x_wconf 86' lang='lat' dir='ltr'>si</span> <span class='ocrx_word' id='word_1_58' title='bbox 1544 575 1640 600; x_wconf 86' lang='lat' dir='ltr'>mo-</span> 
     </span>
     <span class='ocr_line' id='line_1_8' title="bbox 103 617 1641 675; baseline -0.001 -14"><span class='ocrx_word' id='word_1_59' title='bbox 103 621 156 663; x_wconf 79' lang='lat' dir='ltr'>do</span> <span class='ocrx_word' id='word_1_60' title='bbox 178 619 218 661; x_wconf 88' lang='lat' dir='ltr'>id</span> <span class='ocrx_word' id='word_1_61' title='bbox 240 619 490 675; x_wconf 85' lang='lat' dir='ltr'>patefactum</span> <span class='ocrx_word' id='word_1_62' title='bbox 512 628 551 659; x_wconf 88' lang='lat' dir='ltr'>et</span> <span class='ocrx_word' id='word_1_63' title='bbox 582 617 832 658; x_wconf 73' lang='lat' dir='ltr'>illustratum</span> <span class='ocrx_word' id='word_1_64' title='bbox 853 627 929 668; x_wconf 85' lang='lat' dir='ltr'>est,</span> <span class='ocrx_word' id='word_1_65' title='bbox 953 617 1053 673; x_wconf 88' lang='lat' dir='ltr'>quid</span> <span class='ocrx_word' id='word_1_66' title='bbox 1077 617 1117 657; x_wconf 92' lang='lat' dir='ltr'>in</span> <span class='ocrx_word' id='word_1_67' title='bbox 1140 617 1326 658; x_wconf 69' lang='lat' dir='ltr'>amicitia</span> <span class='ocrx_word' id='word_1_68' title='bbox 1347 617 1432 659; x_wconf 84' lang='lat' dir='ltr'>fieri</span> <span class='ocrx_word' id='word_1_69' title='bbox 1463 627 1641 673; x_wconf 78' lang='lat' dir='ltr'>oportet,</span> 
     </span>
     <span class='ocr_line' id='line_1_9' title="bbox 102 674 1640 735; baseline -0.002 -15"><span class='ocrx_word' id='word_1_70' title='bbox 102 694 198 735; x_wconf 84' lang='lat' dir='ltr'>quae</span> <span class='ocrx_word' id='word_1_71' title='bbox 230 687 315 719; x_wconf 86' lang='lat' dir='ltr'>tota</span> <span class='ocrx_word' id='word_1_72' title='bbox 336 677 501 719; x_wconf 83' lang='lat' dir='ltr'>veritate</span> <span class='ocrx_word' id='word_1_73' title='bbox 523 675 814 731; x_wconf 79' lang='lat' dir='ltr'>perpenditur?</span> <span class='ocrx_word' id='word_1_74' title='bbox 851 675 892 716; x_wconf 89' lang='lat' dir='ltr'>in</span> <span class='ocrx_word' id='word_1_75' title='bbox 929 677 1028 731; x_wconf 69' lang='lat' dir='ltr'>qua,</span> <span class='ocrx_word' id='word_1_76' title='bbox 1053 674 1148 725; x_wconf 86' lang='lat' dir='ltr'>nisi,</span> <span class='ocrx_word' id='word_1_77' title='bbox 1180 685 1227 716; x_wconf 90' lang='lat' dir='ltr'>ut</span> <span class='ocrx_word' id='word_1_78' title='bbox 1253 675 1417 727; x_wconf 78' lang='lat' dir='ltr'>dicitnr,</span> <span class='ocrx_word' id='word_1_79' title='bbox 1452 684 1640 730; x_wconf 86' lang='lat' dir='ltr'>apertum</span> 
     </span>
    </p>

    <p class='ocr_par' dir='ltr' id='par_1_4' title="bbox 98 732 1716 1603">
     <span class='ocr_line' id='line_1_10' title="bbox 130 732 1683 790; baseline -0.002 -12"><span class='ocrx_word' id='word_1_80' title='bbox 130 747 256 789; x_wconf 38' lang='lat' dir='ltr'>ectus·</span> <span class='ocrx_word' id='word_1_81' title='bbox 275 735 426 785; x_wconf 87' lang='lat' dir='ltr'>videas,</span> <span class='ocrx_word' id='word_1_82' title='bbox 460 744 662 789; x_wconf 83' lang='lat' dir='ltr'>tuumque</span> <span class='ocrx_word' id='word_1_83' title='bbox 692 733 900 784; x_wconf 65' lang='lat' dir='ltr'>ostendas,</span> <span class='ocrx_word' id='word_1_84' title='bbox 926 734 1028 774; x_wconf 83' lang='lat' dir='ltr'>nihil</span> <span class='ocrx_word' id='word_1_85' title='bbox 1062 733 1210 785; x_wconf 85' lang='lat' dir='ltr'>fidum,</span> <span class='ocrx_word' id='word_1_86' title='bbox 1243 732 1347 774; x_wconf 84' lang='lat' dir='ltr'>nihil</span> <span class='ocrx_word' id='word_1_87' title='bbox 1381 734 1639 790; x_wconf 85' lang='lat' dir='ltr'>exploratum</span> <span class='ocrx_word' id='word_1_88' title='bbox 1659 739 1683 775; x_wconf 84' lang='lat'><em>5</em></span> 
     </span>
     <span class='ocr_line' id='line_1_11' title="bbox 100 752 1638 849; baseline -0.002 -13"><span class='ocrx_word' id='word_1_89' title='bbox 100 752 280 836; x_wconf 77' lang='lat' dir='ltr'>liabeas:</span> <span class='ocrx_word' id='word_1_90' title='bbox 315 809 367 834; x_wconf 89' lang='lat' dir='ltr'>ne</span> <span class='ocrx_word' id='word_1_91' title='bbox 387 807 523 833; x_wconf 86' lang='lat' dir='ltr'>amare</span> <span class='ocrx_word' id='word_1_92' title='bbox 559 792 744 849; x_wconf 87' lang='lat' dir='ltr'>quidem,</span> <span class='ocrx_word' id='word_1_93' title='bbox 780 801 850 832; x_wconf 85' lang='lat' dir='ltr'>aut</span> <span class='ocrx_word' id='word_1_94' title='bbox 883 790 1040 842; x_wconf 80' lang='lat' dir='ltr'>amari3</span> <span class='ocrx_word' id='word_1_95' title='bbox 1073 793 1174 832; x_wconf 77' lang='lat' dir='ltr'>cum</span> <span class='ocrx_word' id='word_1_96' title='bbox 1211 790 1248 832; x_wconf 87' lang='lat' dir='ltr'>id</span> <span class='ocrx_word' id='word_1_97' title='bbox 1285 793 1417 848; x_wconf 59' lang='lat' dir='ltr'>quam</span> <span class='ocrx_word' id='word_1_98' title='bbox 1439 793 1530 847; x_wconf 72' lang='lat' dir='ltr'>vere</span> <span class='ocrx_word' id='word_1_99' title='bbox 1553 791 1638 843; x_wconf 85' lang='lat' dir='ltr'>fiat,</span> 
     </span>
     <span class='ocr_line' id='line_1_12' title="bbox 100 848 1641 910; baseline -0.003 -15"><span class='ocrx_word' id='word_1_100' title='bbox 100 853 278 910; x_wconf 83' lang='lat' dir='ltr'>ignores.</span> <span class='ocrx_word' id='word_1_101' title='bbox 341 851 601 906; x_wconf 75' lang='lat' dir='ltr'>Quanquam</span> <span class='ocrx_word' id='word_1_102' title='bbox 636 849 711 890; x_wconf 87' lang='lat' dir='ltr'>ista</span> <span class='ocrx_word' id='word_1_103' title='bbox 747 850 984 901; x_wconf 71' lang='lat' dir='ltr'>a=sentatio,</span> <span class='ocrx_word' id='word_1_104' title='bbox 1009 849 1198 906; x_wconf 75' lang='lat' dir='ltr'>quamvis</span> <span class='ocrx_word' id='word_1_105' title='bbox 1220 848 1449 905; x_wconf 70' lang='lat' dir='ltr'>perniciosa</span> <span class='ocrx_word' id='word_1_106' title='bbox 1470 849 1536 901; x_wconf 87' lang='lat' dir='ltr'>sit,</span> <span class='ocrx_word' id='word_1_107' title='bbox 1559 865 1641 890; x_wconf 91' lang='lat' dir='ltr'>no-</span> 
     </span>
     <span class='ocr_line' id='line_1_13' title="bbox 102 906 1639 965; baseline -0.003 -13"><span class='ocrx_word' id='word_1_108' title='bbox 102 925 192 952; x_wconf 87' lang='lat' dir='ltr'>cere</span> <span class='ocrx_word' id='word_1_109' title='bbox 213 916 352 950; x_wconf 84' lang='lat' dir='ltr'>tamen</span> <span class='ocrx_word' id='word_1_110' title='bbox 385 908 544 949; x_wconf 87' lang='lat' dir='ltr'>nemini</span> <span class='ocrx_word' id='word_1_111' title='bbox 567 917 713 962; x_wconf 82' lang='lat' dir='ltr'>potest,</span> <span class='ocrx_word' id='word_1_112' title='bbox 754 907 831 948; x_wconf 84' lang='lat' dir='ltr'>nisi</span> <span class='ocrx_word' id='word_1_113' title='bbox 854 907 906 959; x_wconf 86' lang='lat' dir='ltr'>ei,</span> <span class='ocrx_word' id='word_1_114' title='bbox 940 906 1011 964; x_wconf 78' lang='lat' dir='ltr'>qui</span> <span class='ocrx_word' id='word_1_115' title='bbox 1048 923 1138 948; x_wconf 86' lang='lat' dir='ltr'>eam</span> <span class='ocrx_word' id='word_1_116' title='bbox 1173 907 1333 963; x_wconf 77' lang='lat' dir='ltr'>recipit,</span> <span class='ocrx_word' id='word_1_117' title='bbox 1358 918 1480 965; x_wconf 85' lang='lat' dir='ltr'>atque</span> <span class='ocrx_word' id='word_1_118' title='bbox 1500 911 1547 949; x_wconf 71' lang='lat' dir='ltr'>ea</span> <span class='ocrx_word' id='word_1_119' title='bbox 1566 907 1639 948; x_wconf 80' lang='lat' dir='ltr'>de-</span> 
     </span>
     <span class='ocr_line' id='line_1_14' title="bbox 101 963 1640 1022; baseline -0.002 -12"><span class='ocrx_word' id='word_1_120' title='bbox 101 969 298 1010; x_wconf 83' lang='lat' dir='ltr'>lectatur:</span> <span class='ocrx_word' id='word_1_121' title='bbox 333 965 389 1007; x_wconf 89' lang='lat' dir='ltr'>ita</span> <span class='ocrx_word' id='word_1_122' title='bbox 405 966 465 1016; x_wconf 79' lang='lat' dir='ltr'>fit,</span> <span class='ocrx_word' id='word_1_123' title='bbox 484 976 529 1007; x_wconf 92' lang='lat' dir='ltr'>ut</span> <span class='ocrx_word' id='word_1_124' title='bbox 549 966 582 1007; x_wconf 87' lang='lat' dir='ltr'>is</span> <span class='ocrx_word' id='word_1_125' title='bbox 600 966 922 1008; x_wconf 61' lang='lat' dir='ltr'>assentatoribus</span> <span class='ocrx_word' id='word_1_126' title='bbox 945 963 1159 1022; x_wconf 78' lang='lat' dir='ltr'>patefaciat</span> <span class='ocrx_word' id='word_1_127' title='bbox 1182 981 1297 1006; x_wconf 86' lang='lat' dir='ltr'>aures</span> <span class='ocrx_word' id='word_1_128' title='bbox 1320 982 1413 1006; x_wconf 67' lang='lat' dir='ltr'>suas</span> <span class='ocrx_word' id='word_1_129' title='bbox 1436 965 1640 1017; x_wconf 69' lang='lat' dir='ltr'>maxime,</span> 
     </span>
     <span class='ocr_line' id='line_1_15' title="bbox 102 1023 1716 1083; baseline -0.001 -16"><span class='ocrx_word' id='word_1_130' title='bbox 102 1026 175 1083; x_wconf 90' lang='lat' dir='ltr'>qui</span> <span class='ocrx_word' id='word_1_131' title='bbox 196 1026 281 1081; x_wconf 79' lang='lat' dir='ltr'>ipse</span> <span class='ocrx_word' id='word_1_132' title='bbox 304 1023 382 1066; x_wconf 90' lang='lat' dir='ltr'>sibi</span> <span class='ocrx_word' id='word_1_133' title='bbox 405 1034 647 1074; x_wconf 70' lang='lat' dir='ltr'>assentetur,</span> <span class='ocrx_word' id='word_1_134' title='bbox 671 1034 709 1064; x_wconf 90' lang='lat' dir='ltr'>et</span> <span class='ocrx_word' id='word_1_135' title='bbox 731 1038 772 1064; x_wconf 87' lang='lat' dir='ltr'>se</span> <span class='ocrx_word' id='word_1_136' title='bbox 794 1024 979 1065; x_wconf 68' lang='lat' dir='ltr'>maxime</span> <span class='ocrx_word' id='word_1_137' title='bbox 1003 1023 1088 1079; x_wconf 65' lang='lat' dir='ltr'>ipse</span> <span class='ocrx_word' id='word_1_138' title='bbox 1120 1023 1307 1064; x_wconf 85' lang='lat' dir='ltr'>delectat.</span> <span class='ocrx_word' id='word_1_139' title='bbox 1369 1023 1560 1066; x_wconf 85' lang='lat' dir='ltr'>Omnino</span> <span class='ocrx_word' id='word_1_140' title='bbox 1582 1033 1642 1065; x_wconf 87' lang='lat' dir='ltr'>est</span> <span class='ocrx_word' id='word_1_141' title='bbox 1665 1032 1716 1066; x_wconf 89' lang='lat'>10</span> 
     </span>
     <span class='ocr_line' id='line_1_16' title="bbox 101 1081 1642 1138; baseline -0.002 -12"><span class='ocrx_word' id='word_1_142' title='bbox 101 1099 247 1128; x_wconf 88' lang='lat' dir='ltr'>amans</span> <span class='ocrx_word' id='word_1_143' title='bbox 285 1083 346 1124; x_wconf 82' lang='lat' dir='ltr'>sni</span> <span class='ocrx_word' id='word_1_144' title='bbox 367 1083 520 1135; x_wconf 71' lang='lat' dir='ltr'>virtus,</span> <span class='ocrx_word' id='word_1_145' title='bbox 553 1082 711 1137; x_wconf 70' lang='lat' dir='ltr'>optime</span> <span class='ocrx_word' id='word_1_146' title='bbox 734 1082 845 1122; x_wconf 81' lang='lat' dir='ltr'>enim</span> <span class='ocrx_word' id='word_1_147' title='bbox 881 1097 922 1122; x_wconf 78' lang='lat' dir='ltr'>se</span> <span class='ocrx_word' id='word_1_148' title='bbox 945 1082 1031 1136; x_wconf 87' lang='lat' dir='ltr'>ipsa</span> <span class='ocrx_word' id='word_1_149' title='bbox 1054 1082 1184 1132; x_wconf 82' lang='lat' dir='ltr'>novit,</span> <span class='ocrx_word' id='word_1_150' title='bbox 1210 1083 1424 1138; x_wconf 74' lang='lat' dir='ltr'>quamque</span> <span class='ocrx_word' id='word_1_151' title='bbox 1447 1081 1642 1124; x_wconf 85' lang='lat' dir='ltr'>amabilis</span> 
     </span>
     <span class='ocr_line' id='line_1_17' title="bbox 101 1138 1641 1198; baseline -0.002 -15"><span class='ocrx_word' id='word_1_152' title='bbox 101 1141 154 1183; x_wconf 85' lang='lat' dir='ltr'>sit</span> <span class='ocrx_word' id='word_1_153' title='bbox 177 1139 394 1198; x_wconf 84' lang='lat' dir='ltr'>intelligit:</span> <span class='ocrx_word' id='word_1_154' title='bbox 428 1156 504 1196; x_wconf 82' lang='lat' dir='ltr'>ego</span> <span class='ocrx_word' id='word_1_155' title='bbox 537 1150 675 1180; x_wconf 85' lang='lat' dir='ltr'>autem</span> <span class='ocrx_word' id='word_1_156' title='bbox 705 1154 790 1180; x_wconf 86' lang='lat' dir='ltr'>non</span> <span class='ocrx_word' id='word_1_157' title='bbox 812 1139 861 1180; x_wconf 88' lang='lat' dir='ltr'>de</span> <span class='ocrx_word' id='word_1_158' title='bbox 898 1138 1044 1180; x_wconf 86' lang='lat' dir='ltr'>virtute</span> <span class='ocrx_word' id='word_1_159' title='bbox 1066 1155 1178 1180; x_wconf 87' lang='lat' dir='ltr'>nunc</span> <span class='ocrx_word' id='word_1_160' title='bbox 1209 1139 1370 1195; x_wconf 87' lang='lat' dir='ltr'>loquor,</span> <span class='ocrx_word' id='word_1_161' title='bbox 1395 1140 1464 1180; x_wconf 87' lang='lat' dir='ltr'>sed</span> <span class='ocrx_word' id='word_1_162' title='bbox 1485 1140 1534 1181; x_wconf 88' lang='lat' dir='ltr'>de</span> <span class='ocrx_word' id='word_1_163' title='bbox 1558 1140 1641 1181; x_wconf 89' lang='lat' dir='ltr'>vir-</span> 
     </span>
     <span class='ocr_line' id='line_1_18' title="bbox 102 1196 1644 1253; baseline -0.002 -11"><span class='ocrx_word' id='word_1_164' title='bbox 102 1201 201 1242; x_wconf 75' lang='lat' dir='ltr'>tutis</span> <span class='ocrx_word' id='word_1_165' title='bbox 239 1197 460 1253; x_wconf 83' lang='lat' dir='ltr'>opinione:</span> <span class='ocrx_word' id='word_1_166' title='bbox 514 1197 662 1239; x_wconf 87' lang='lat' dir='ltr'>virtute</span> <span class='ocrx_word' id='word_1_167' title='bbox 693 1196 804 1238; x_wconf 88' lang='lat' dir='ltr'>enim</span> <span class='ocrx_word' id='word_1_168' title='bbox 840 1197 928 1253; x_wconf 53' lang='lat' dir='ltr'>ipea</span> <span class='ocrx_word' id='word_1_169' title='bbox 958 1214 1043 1239; x_wconf 90' lang='lat' dir='ltr'>non</span> <span class='ocrx_word' id='word_1_170' title='bbox 1075 1208 1159 1239; x_wconf 77' lang='lat' dir='ltr'>tam</span> <span class='ocrx_word' id='word_1_171' title='bbox 1192 1198 1315 1238; x_wconf 85' lang='lat' dir='ltr'>multi</span> <span class='ocrx_word' id='word_1_172' title='bbox 1347 1197 1507 1253; x_wconf 85' lang='lat' dir='ltr'>praediti</span> <span class='ocrx_word' id='word_1_173' title='bbox 1541 1213 1644 1250; x_wconf 78' lang='lat' dir='ltr'>esse,</span> 
     </span>
     <span class='ocr_line' id='line_1_19' title="bbox 100 1255 1643 1315; baseline -0.002 -15"><span class='ocrx_word' id='word_1_174' title='bbox 100 1259 229 1315; x_wconf 75' lang='lat' dir='ltr'>quam</span> <span class='ocrx_word' id='word_1_175' title='bbox 254 1256 379 1298; x_wconf 80' lang='lat' dir='ltr'>videri</span> <span class='ocrx_word' id='word_1_176' title='bbox 420 1255 577 1297; x_wconf 83' lang='lat' dir='ltr'>volunt.</span> <span class='ocrx_word' id='word_1_177' title='bbox 640 1256 736 1296; x_wconf 66' lang='lat' dir='ltr'>Hos</span> <span class='ocrx_word' id='word_1_178' title='bbox 772 1255 945 1296; x_wconf 84' lang='lat' dir='ltr'>delectat</span> <span class='ocrx_word' id='word_1_179' title='bbox 977 1255 1222 1297; x_wconf 82' lang='lat' dir='ltr'>assentatio:</span> <span class='ocrx_word' id='word_1_180' title='bbox 1258 1255 1322 1296; x_wconf 83' lang='lat' dir='ltr'>his</span> <span class='ocrx_word' id='word_1_181' title='bbox 1343 1256 1465 1297; x_wconf 86' lang='lat' dir='ltr'>fictus</span> <span class='ocrx_word' id='word_1_182' title='bbox 1497 1257 1555 1297; x_wconf 85' lang='lat' dir='ltr'>ad&#39;</span> <span class='ocrx_word' id='word_1_183' title='bbox 1579 1257 1643 1312; x_wconf 85' lang='lat' dir='ltr'>ip-</span> 
     </span>
     <span class='ocr_line' id='line_1_20' title="bbox 102 1313 1713 1365; baseline 0 -8"><span class='ocrx_word' id='word_1_184' title='bbox 102 1331 244 1357; x_wconf 88' lang='lat' dir='ltr'>sorum</span> <span class='ocrx_word' id='word_1_185' title='bbox 277 1314 533 1356; x_wconf 80' lang='lat' dir='ltr'>voluntatem</span> <span class='ocrx_word' id='word_1_186' title='bbox 572 1329 707 1355; x_wconf 89' lang='lat' dir='ltr'>sermo</span> <span class='ocrx_word' id='word_1_187' title='bbox 729 1314 829 1355; x_wconf 72' lang='lat' dir='ltr'>cum</span> <span class='ocrx_word' id='word_1_188' title='bbox 852 1313 1084 1365; x_wconf 77' lang='lat' dir='ltr'>adhibetur,</span> <span class='ocrx_word' id='word_1_189' title='bbox 1106 1313 1335 1355; x_wconf 87' lang='lat' dir='ltr'>orationem</span> <span class='ocrx_word' id='word_1_190' title='bbox 1360 1313 1471 1355; x_wconf 86' lang='lat' dir='ltr'>illam</span> <span class='ocrx_word' id='word_1_191' title='bbox 1496 1330 1645 1357; x_wconf 85' lang='lat' dir='ltr'>vanam</span> <span class='ocrx_word' id='word_1_192' title='bbox 1665 1323 1713 1357; x_wconf 88' lang='lat'>15</span> 
     </span>
     <span class='ocr_line' id='line_1_21' title="bbox 98 1371 1645 1429; baseline 0 -14"><span class='ocrx_word' id='word_1_193' title='bbox 98 1372 389 1416; x_wconf 87' lang='lat' dir='ltr'>testimonium</span> <span class='ocrx_word' id='word_1_194' title='bbox 426 1387 511 1413; x_wconf 67' lang='lat' dir='ltr'>esse</span> <span class='ocrx_word' id='word_1_195' title='bbox 546 1372 717 1413; x_wconf 89' lang='lat' dir='ltr'>laudum</span> <span class='ocrx_word' id='word_1_196' title='bbox 754 1386 921 1413; x_wconf 85' lang='lat' dir='ltr'>suarum</span> <span class='ocrx_word' id='word_1_197' title='bbox 962 1381 1135 1426; x_wconf 84' lang='lat' dir='ltr'>putant:</span> <span class='ocrx_word' id='word_1_198' title='bbox 1169 1371 1284 1413; x_wconf 86' lang='lat' dir='ltr'>nulla</span> <span class='ocrx_word' id='word_1_199' title='bbox 1317 1381 1378 1413; x_wconf 87' lang='lat' dir='ltr'>est</span> <span class='ocrx_word' id='word_1_200' title='bbox 1407 1371 1531 1429; x_wconf 80' lang='lat' dir='ltr'>igitur</span> <span class='ocrx_word' id='word_1_201' title='bbox 1552 1374 1645 1415; x_wconf 80' lang='lat' dir='ltr'>haec</span> 
     </span>
     <span class='ocr_line' id='line_1_22' title="bbox 100 1429 1646 1483; baseline -0.001 -9"><span class='ocrx_word' id='word_1_202' title='bbox 100 1431 300 1483; x_wconf 83' lang='lat' dir='ltr'>amicitia,</span> <span class='ocrx_word' id='word_1_203' title='bbox 324 1432 425 1472; x_wconf 75' lang='lat' dir='ltr'>cum</span> <span class='ocrx_word' id='word_1_204' title='bbox 459 1429 559 1471; x_wconf 88' lang='lat' dir='ltr'>alter</span> <span class='ocrx_word' id='word_1_205' title='bbox 587 1445 730 1471; x_wconf 86' lang='lat' dir='ltr'>verum</span> <span class='ocrx_word' id='word_1_206' title='bbox 765 1429 903 1471; x_wconf 87' lang='lat' dir='ltr'>audire</span> <span class='ocrx_word' id='word_1_207' title='bbox 932 1445 1017 1471; x_wconf 89' lang='lat' dir='ltr'>non</span> <span class='ocrx_word' id='word_1_208' title='bbox 1039 1429 1141 1481; x_wconf 86' lang='lat' dir='ltr'>vult,</span> <span class='ocrx_word' id='word_1_209' title='bbox 1166 1429 1265 1471; x_wconf 85' lang='lat' dir='ltr'>alter</span> <span class='ocrx_word' id='word_1_210' title='bbox 1286 1430 1334 1483; x_wconf 85' lang='lat' dir='ltr'>ad</span> <span class='ocrx_word' id='word_1_211' title='bbox 1353 1430 1646 1473; x_wconf 88' lang='lat' dir='ltr'>mentiendum</span> 
     </span>
     <span class='ocr_line' id='line_1_23' title="bbox 100 1487 1646 1547; baseline 0.001 -17"><span class='ocrx_word' id='word_1_212' title='bbox 100 1498 263 1547; x_wconf 87' lang='lat' dir='ltr'>paratus</span> <span class='ocrx_word' id='word_1_213' title='bbox 280 1498 351 1530; x_wconf 83' lang='lat' dir='ltr'>est.</span> <span class='ocrx_word' id='word_1_214' title='bbox 400 1490 497 1531; x_wconf 88' lang='lat' dir='ltr'>Nec</span> <span class='ocrx_word' id='word_1_215' title='bbox 518 1487 790 1543; x_wconf 82' lang='lat' dir='ltr'>parasitorum</span> <span class='ocrx_word' id='word_1_216' title='bbox 814 1487 855 1528; x_wconf 88' lang='lat' dir='ltr'>in</span> <span class='ocrx_word' id='word_1_217' title='bbox 878 1488 1099 1530; x_wconf 82' lang='lat' dir='ltr'>comoediis</span> <span class='ocrx_word' id='word_1_218' title='bbox 1122 1487 1356 1530; x_wconf 86' lang='lat' dir='ltr'>assentiatio</span> <span class='ocrx_word' id='word_1_219' title='bbox 1375 1489 1496 1531; x_wconf 85' lang='lat' dir='ltr'>nobis</span> <span class='ocrx_word' id='word_1_220' title='bbox 1513 1489 1646 1533; x_wconf 78' lang='lat' dir='ltr'>faceta</span> 
     </span>
     <span class='ocr_line' id='line_1_24' title="bbox 101 1545 942 1603; baseline -0.005 -12"><span class='ocrx_word' id='word_1_221' title='bbox 101 1548 319 1598; x_wconf 81' lang='lat' dir='ltr'>videretur,</span> <span class='ocrx_word' id='word_1_222' title='bbox 343 1545 422 1588; x_wconf 83' lang='lat' dir='ltr'>nisi</span> <span class='ocrx_word' id='word_1_223' title='bbox 443 1555 578 1588; x_wconf 88' lang='lat' dir='ltr'>essent</span> <span class='ocrx_word' id='word_1_224' title='bbox 595 1545 747 1587; x_wconf 82' lang='lat' dir='ltr'>milites</span> <span class='ocrx_word' id='word_1_225' title='bbox 763 1545 942 1603; x_wconf 80' lang='lat' dir='ltr'>gloriosi.</span> 
     </span>
    </p>

    <p class='ocr_par' dir='ltr' id='par_1_5' title="bbox 96 1605 1717 2372">
     <span class='ocr_line' id='line_1_25' title="bbox 310 1605 1715 1656; baseline -0.002 -14"><span class='ocrx_word' id='word_1_226' title='bbox 310 1607 476 1656; x_wconf 47' lang='lat' dir='ltr'>jesag-nas</span> <span class='ocrx_word' id='word_1_227' title='bbox 494 1607 574 1642; x_wconf 68' lang='lat' dir='ltr'>vero*</span> <span class='ocrx_word' id='word_1_228' title='bbox 594 1619 698 1656; x_wconf 76' lang='lat' dir='ltr'>agere</span> <span class='ocrx_word' id='word_1_229' title='bbox 711 1607 855 1653; x_wconf 70' lang='lat' dir='ltr'>gratias</span> <span class='ocrx_word' id='word_1_230' title='bbox 879 1606 989 1642; x_wconf 69' lang='lat' dir='ltr'>&#39;I&#39;l&#39;ca&#39;is</span> <span class='ocrx_word' id='word_1_231' title='bbox 1006 1605 1093 1641; x_wconf 70' lang='lat' dir='ltr'>milti</span> <span class='ocrx_word' id='word_1_232' title='bbox 1107 1608 1124 1640; x_wconf 64' lang='grc' dir='ltr'>,Ρ</span> <span class='ocrx_word' id='word_1_233' title='bbox 1659 1615 1715 1649; x_wconf 70' lang='lat'>20</span> 
     </span>
     <span class='ocr_line' id='line_1_26' title="bbox 98 1672 1645 1733; baseline -0.001 -14"><span class='ocrx_word' id='word_1_234' title='bbox 98 1675 207 1720; x_wconf 90' lang='lat' dir='ltr'>Satis</span> <span class='ocrx_word' id='word_1_235' title='bbox 227 1684 311 1717; x_wconf 87' lang='lat' dir='ltr'>erat</span> <span class='ocrx_word' id='word_1_236' title='bbox 331 1675 590 1732; x_wconf 74' lang='lat' dir='ltr'>respondere,</span> <span class='ocrx_word' id='word_1_237' title='bbox 627 1674 837 1730; x_wconf 77' lang='lat' dir='ltr'>Magnas:</span> <span class='ocrx_word' id='word_1_238' title='bbox 871 1673 1096 1726; x_wconf 65' lang='lat' dir='ltr'>Ingentes,</span> <span class='ocrx_word' id='word_1_239' title='bbox 1133 1672 1294 1731; x_wconf 85' lang='lat' dir='ltr'>inquit:</span> <span class='ocrx_word' id='word_1_240' title='bbox 1329 1690 1491 1731; x_wconf 84' lang='lat' dir='ltr'>semper</span> <span class='ocrx_word' id='word_1_241' title='bbox 1522 1684 1645 1733; x_wconf 78' lang='lat' dir='ltr'>auget</span> 
     </span>
     <span class='ocr_line' id='line_1_27' title="bbox 100 1731 1640 1792; baseline -0.001 -15"><span class='ocrx_word' id='word_1_242' title='bbox 100 1743 328 1777; x_wconf 85' lang='lat' dir='ltr'>assentator</span> <span class='ocrx_word' id='word_1_243' title='bbox 349 1733 405 1785; x_wconf 88' lang='lat' dir='ltr'>id,</span> <span class='ocrx_word' id='word_1_244' title='bbox 426 1733 537 1790; x_wconf 88' lang='lat' dir='ltr'>quod</span> <span class='ocrx_word' id='word_1_245' title='bbox 559 1732 608 1784; x_wconf 81' lang='lat' dir='ltr'>is,</span> <span class='ocrx_word' id='word_1_246' title='bbox 627 1731 746 1788; x_wconf 75' lang='lat' dir='ltr'>cujus</span> <span class='ocrx_word' id='word_1_247' title='bbox 765 1731 813 1773; x_wconf 88' lang='lat' dir='ltr'>ad</span> <span class='ocrx_word' id='word_1_248' title='bbox 835 1731 1090 1772; x_wconf 85' lang='lat' dir='ltr'>voluntatem</span> <span class='ocrx_word' id='word_1_249' title='bbox 1114 1732 1280 1784; x_wconf 87' lang='lat' dir='ltr'>dicitur,</span> <span class='ocrx_word' id='word_1_250' title='bbox 1305 1733 1390 1775; x_wconf 89' lang='lat' dir='ltr'>vult</span> <span class='ocrx_word' id='word_1_251' title='bbox 1411 1749 1498 1775; x_wconf 49' lang='lat' dir='ltr'>esse</span> <span class='ocrx_word' id='word_1_252' title='bbox 1520 1750 1640 1792; x_wconf 81' lang='lat' dir='ltr'>mag-</span> 
     </span>
     <span class='ocr_line' id='line_1_28' title="bbox 96 1789 1641 1847; baseline -0.001 -12"><span class='ocrx_word' id='word_1_253' title='bbox 96 1808 219 1836; x_wconf 87' lang='lat' dir='ltr'>num.</span> <span class='ocrx_word' id='word_1_254' title='bbox 282 1791 590 1843; x_wconf 76' lang='lat' dir='ltr'>Quamobrem,</span> <span class='ocrx_word' id='word_1_255' title='bbox 616 1805 857 1847; x_wconf 79' lang='lat' dir='ltr'>quanquam</span> <span class='ocrx_word' id='word_1_256' title='bbox 880 1789 1031 1831; x_wconf 85' lang='lat' dir='ltr'>blanda</span> <span class='ocrx_word' id='word_1_257' title='bbox 1052 1789 1130 1831; x_wconf 84' lang='lat' dir='ltr'>ista</span> <span class='ocrx_word' id='word_1_258' title='bbox 1150 1791 1307 1832; x_wconf 70' lang='lat' dir='ltr'>vanitas</span> <span class='ocrx_word' id='word_1_259' title='bbox 1339 1792 1446 1847; x_wconf 85' lang='lat' dir='ltr'>apud</span> <span class='ocrx_word' id='word_1_260' title='bbox 1465 1807 1534 1833; x_wconf 88' lang='lat' dir='ltr'>eos</span> <span class='ocrx_word' id='word_1_261' title='bbox 1567 1808 1641 1834; x_wconf 85' lang='lat' dir='ltr'>va-</span> 
     </span>
     <span class='ocr_line' id='line_1_29' title="bbox 97 1847 1641 1907; baseline -0.001 -14"><span class='ocrx_word' id='word_1_262' title='bbox 97 1851 195 1902; x_wconf 89' lang='lat' dir='ltr'>leat,</span> <span class='ocrx_word' id='word_1_263' title='bbox 233 1849 304 1907; x_wconf 88' lang='lat' dir='ltr'>qni</span> <span class='ocrx_word' id='word_1_264' title='bbox 340 1848 416 1905; x_wconf 70' lang='lat' dir='ltr'>ipsi</span> <span class='ocrx_word' id='word_1_265' title='bbox 455 1850 572 1891; x_wconf 87' lang='lat' dir='ltr'>illum</span> <span class='ocrx_word' id='word_1_266' title='bbox 606 1848 800 1890; x_wconf 83' lang='lat' dir='ltr'>allectant</span> <span class='ocrx_word' id='word_1_267' title='bbox 821 1857 860 1889; x_wconf 89' lang='lat' dir='ltr'>et</span> <span class='ocrx_word' id='word_1_268' title='bbox 891 1847 1092 1899; x_wconf 82' lang='lat' dir='ltr'>invitant3</span> <span class='ocrx_word' id='word_1_269' title='bbox 1129 1858 1268 1890; x_wconf 86' lang='lat' dir='ltr'>tamen</span> <span class='ocrx_word' id='word_1_270' title='bbox 1291 1849 1417 1891; x_wconf 79' lang='lat' dir='ltr'>etiam</span> <span class='ocrx_word' id='word_1_271' title='bbox 1437 1851 1641 1907; x_wconf 75' lang='lat' dir='ltr'>graviores</span> 
     </span>
     <span class='ocr_line' id='line_1_30' title="bbox 100 1904 1712 1964; baseline 0 -14"><span class='ocrx_word' id='word_1_272' title='bbox 100 1906 484 1964; x_wconf 72' lang='lat' dir='ltr'>constantioresque</span> <span class='ocrx_word' id='word_1_273' title='bbox 525 1906 777 1949; x_wconf 88' lang='lat' dir='ltr'>admonendi</span> <span class='ocrx_word' id='word_1_274' title='bbox 809 1916 920 1957; x_wconf 87' lang='lat' dir='ltr'>sunt,</span> <span class='ocrx_word' id='word_1_275' title='bbox 953 1916 1000 1947; x_wconf 92' lang='lat' dir='ltr'>ut</span> <span class='ocrx_word' id='word_1_276' title='bbox 1031 1906 1376 1959; x_wconf 81' lang='lat' dir='ltr'>animadvertant,</span> <span class='ocrx_word' id='word_1_277' title='bbox 1411 1923 1462 1949; x_wconf 89' lang='lat' dir='ltr'>ne</span> <span class='ocrx_word' id='word_1_278' title='bbox 1493 1908 1643 1950; x_wconf 62' lang='lat' dir='ltr'>callida</span> <span class='ocrx_word' id='word_1_279' title='bbox 1660 1904 1712 1939; x_wconf 74' lang='lat'>‘25</span> 
     </span>
     <span class='ocr_line' id='line_1_31' title="bbox 99 1962 1643 2021; baseline 0 -13"><span class='ocrx_word' id='word_1_280' title='bbox 99 1966 381 2009; x_wconf 83' lang='lat' dir='ltr'>assentatione</span> <span class='ocrx_word' id='word_1_281' title='bbox 405 1965 647 2021; x_wconf 69' lang='lat' dir='ltr'>capiantur,</span> <span class='ocrx_word' id='word_1_282' title='bbox 682 1967 818 2020; x_wconf 74' lang='lat' dir='ltr'>aperte</span> <span class='ocrx_word' id='word_1_283' title='bbox 846 1964 958 2005; x_wconf 89' lang='lat' dir='ltr'>enim</span> <span class='ocrx_word' id='word_1_284' title='bbox 994 1964 1232 2006; x_wconf 83' lang='lat' dir='ltr'>adulantem</span> <span class='ocrx_word' id='word_1_285' title='bbox 1264 1981 1389 2007; x_wconf 86' lang='lat' dir='ltr'>nemo</span> <span class='ocrx_word' id='word_1_286' title='bbox 1411 1982 1497 2008; x_wconf 90' lang='lat' dir='ltr'>non</span> <span class='ocrx_word' id='word_1_287' title='bbox 1517 1962 1643 2018; x_wconf 70' lang='lat' dir='ltr'>videt,</span> 
     </span>
     <span class='ocr_line' id='line_1_32' title="bbox 96 2022 1642 2082; baseline 0.001 -16"><span class='ocrx_word' id='word_1_288' title='bbox 96 2024 176 2068; x_wconf 83' lang='lat' dir='ltr'>nisi</span> <span class='ocrx_word' id='word_1_289' title='bbox 192 2024 264 2082; x_wconf 88' lang='lat' dir='ltr'>qui</span> <span class='ocrx_word' id='word_1_290' title='bbox 282 2024 512 2066; x_wconf 67' lang='lat' dir='ltr'>admodiim</span> <span class='ocrx_word' id='word_1_291' title='bbox 526 2033 586 2065; x_wconf 86' lang='lat' dir='ltr'>est</span> <span class='ocrx_word' id='word_1_292' title='bbox 602 2038 746 2064; x_wconf 78' lang='lat' dir='ltr'>excors</span> <span class='ocrx_word' id='word_1_293' title='bbox 761 2039 773 2074; x_wconf 82' lang='lat'><em>3</em></span> <span class='ocrx_word' id='word_1_294' title='bbox 799 2022 969 2064; x_wconf 78' lang='lat' dir='ltr'>callidus</span> <span class='ocrx_word' id='word_1_295' title='bbox 984 2022 1052 2064; x_wconf 91' lang='lat' dir='ltr'>ille</span> <span class='ocrx_word' id='word_1_296' title='bbox 1066 2033 1104 2063; x_wconf 87' lang='lat' dir='ltr'>et</span> <span class='ocrx_word' id='word_1_297' title='bbox 1117 2023 1308 2065; x_wconf 88' lang='lat' dir='ltr'>occultus</span> <span class='ocrx_word' id='word_1_298' title='bbox 1324 2040 1374 2065; x_wconf 87' lang='lat' dir='ltr'>ne</span> <span class='ocrx_word' id='word_1_299' title='bbox 1390 2040 1430 2066; x_wconf 81' lang='lat' dir='ltr'>se</span> <span class='ocrx_word' id='word_1_300' title='bbox 1444 2024 1642 2077; x_wconf 84' lang='lat' dir='ltr'>insinuet,</span> 
     </span>
     <span class='ocr_line' id='line_1_33' title="bbox 99 2079 1644 2141; baseline 0 -16"><span class='ocrx_word' id='word_1_301' title='bbox 99 2083 283 2125; x_wconf 75' lang='lat' dir='ltr'>studiose</span> <span class='ocrx_word' id='word_1_302' title='bbox 302 2083 531 2123; x_wconf 87' lang='lat' dir='ltr'>cavendum</span> <span class='ocrx_word' id='word_1_303' title='bbox 551 2090 611 2123; x_wconf 86' lang='lat' dir='ltr'>est</span> <span class='ocrx_word' id='word_1_304' title='bbox 628 2098 640 2134; x_wconf 81' lang='lat'>3</span> <span class='ocrx_word' id='word_1_305' title='bbox 674 2095 752 2122; x_wconf 85' lang='lat' dir='ltr'>nee</span> <span class='ocrx_word' id='word_1_306' title='bbox 774 2080 888 2122; x_wconf 89' lang='lat' dir='ltr'>enim</span> <span class='ocrx_word' id='word_1_307' title='bbox 907 2079 1107 2122; x_wconf 71' lang='lat' dir='ltr'>facillime</span> <span class='ocrx_word' id='word_1_308' title='bbox 1125 2081 1378 2138; x_wconf 81' lang='lat' dir='ltr'>agnoscitur,</span> <span class='ocrx_word' id='word_1_309' title='bbox 1397 2082 1553 2140; x_wconf 79' lang='lat' dir='ltr'>quippe</span> <span class='ocrx_word' id='word_1_310' title='bbox 1570 2083 1644 2141; x_wconf 88' lang='lat' dir='ltr'>qui</span> 
     </span>
     <span class='ocr_line' id='line_1_34' title="bbox 97 2138 1640 2196; baseline 0 -13"><span class='ocrx_word' id='word_1_311' title='bbox 97 2141 224 2184; x_wconf 85' lang='lat' dir='ltr'>etiam</span> <span class='ocrx_word' id='word_1_312' title='bbox 254 2141 503 2182; x_wconf 86' lang='lat' dir='ltr'>adversando</span> <span class='ocrx_word' id='word_1_313' title='bbox 537 2154 644 2195; x_wconf 82' lang='lat' dir='ltr'>saepe</span> <span class='ocrx_word' id='word_1_314' title='bbox 666 2148 919 2191; x_wconf 81' lang='lat' dir='ltr'>assentetur3</span> <span class='ocrx_word' id='word_1_315' title='bbox 954 2147 992 2179; x_wconf 89' lang='lat' dir='ltr'>et</span> <span class='ocrx_word' id='word_1_316' title='bbox 1013 2138 1171 2196; x_wconf 75' lang='lat' dir='ltr'>litigare</span> <span class='ocrx_word' id='word_1_317' title='bbox 1188 2155 1229 2181; x_wconf 85' lang='lat' dir='ltr'>se</span> <span class='ocrx_word' id='word_1_318' title='bbox 1252 2140 1453 2182; x_wconf 76' lang='lat' dir='ltr'>simulans</span> <span class='ocrx_word' id='word_1_319' title='bbox 1474 2142 1640 2183; x_wconf 86' lang='lat' dir='ltr'>blandi-</span> 
     </span>
     <span class='ocr_line' id='line_1_35' title="bbox 97 2195 1717 2256; baseline 0 -15"><span class='ocrx_word' id='word_1_320' title='bbox 97 2208 204 2252; x_wconf 88' lang='lat' dir='ltr'>atur,</span> <span class='ocrx_word' id='word_1_321' title='bbox 228 2209 351 2256; x_wconf 80' lang='lat' dir='ltr'>atque</span> <span class='ocrx_word' id='word_1_322' title='bbox 383 2200 430 2240; x_wconf 88' lang='lat' dir='ltr'>ad</span> <span class='ocrx_word' id='word_1_323' title='bbox 462 2207 695 2240; x_wconf 87' lang='lat' dir='ltr'>extremum</span> <span class='ocrx_word' id='word_1_324' title='bbox 731 2197 800 2239; x_wconf 87' lang='lat' dir='ltr'>det</span> <span class='ocrx_word' id='word_1_325' title='bbox 832 2212 1000 2249; x_wconf 88' lang='lat' dir='ltr'>manus,</span> <span class='ocrx_word' id='word_1_326' title='bbox 1033 2196 1226 2254; x_wconf 77' lang='lat' dir='ltr'>vincique</span> <span class='ocrx_word' id='word_1_327' title='bbox 1248 2214 1289 2239; x_wconf 90' lang='lat' dir='ltr'>se</span> <span class='ocrx_word' id='word_1_328' title='bbox 1311 2199 1501 2254; x_wconf 79' lang='lat' dir='ltr'>patiatur,</span> <span class='ocrx_word' id='word_1_329' title='bbox 1524 2210 1570 2241; x_wconf 88' lang='lat' dir='ltr'>ut</span> <span class='ocrx_word' id='word_1_330' title='bbox 1591 2199 1640 2252; x_wconf 88' lang='lat' dir='ltr'>is,</span> <span class='ocrx_word' id='word_1_331' title='bbox 1659 2195 1717 2230; x_wconf 86' lang='lat'>30</span> 
     </span>
     <span class='ocr_line' id='line_1_36' title="bbox 99 2255 1644 2314; baseline 0.001 -15"><span class='ocrx_word' id='word_1_332' title='bbox 99 2257 173 2314; x_wconf 91' lang='lat' dir='ltr'>qui</span> <span class='ocrx_word' id='word_1_333' title='bbox 195 2257 339 2300; x_wconf 75' lang='lat' dir='ltr'>illusus</span> <span class='ocrx_word' id='word_1_334' title='bbox 361 2257 427 2308; x_wconf 87' lang='lat' dir='ltr'>sit,</span> <span class='ocrx_word' id='word_1_335' title='bbox 451 2257 545 2312; x_wconf 81' lang='lat' dir='ltr'>plus</span> <span class='ocrx_word' id='word_1_336' title='bbox 567 2256 716 2298; x_wconf 83' lang='lat' dir='ltr'>vidisse</span> <span class='ocrx_word' id='word_1_337' title='bbox 736 2255 918 2297; x_wconf 87' lang='lat' dir='ltr'>videatur</span> <span class='ocrx_word' id='word_1_338' title='bbox 938 2272 947 2297; x_wconf 91' lang='lat'><strong>:</strong></span> <span class='ocrx_word' id='word_1_339' title='bbox 983 2255 1080 2311; x_wconf 88' lang='lat' dir='ltr'>quid</span> <span class='ocrx_word' id='word_1_340' title='bbox 1103 2266 1239 2297; x_wconf 85' lang='lat' dir='ltr'>autem</span> <span class='ocrx_word' id='word_1_341' title='bbox 1263 2257 1424 2314; x_wconf 88' lang='lat' dir='ltr'>turpius</span> <span class='ocrx_word' id='word_1_342' title='bbox 1445 2259 1574 2314; x_wconf 70' lang='lat' dir='ltr'>quam</span> <span class='ocrx_word' id='word_1_343' title='bbox 1596 2259 1644 2300; x_wconf 91' lang='lat' dir='ltr'>il-</span> 
     </span>
     <span class='ocr_line' id='line_1_37' title="bbox 99 2313 1524 2372; baseline 0.001 -17"><span class='ocrx_word' id='word_1_344' title='bbox 99 2315 216 2358; x_wconf 85' lang='lat' dir='ltr'>ludi?</span> <span class='ocrx_word' id='word_1_345' title='bbox 253 2315 380 2359; x_wconf 77' lang='lat' dir='ltr'>Quod</span> <span class='ocrx_word' id='word_1_346' title='bbox 407 2330 459 2356; x_wconf 87' lang='lat' dir='ltr'>ne</span> <span class='ocrx_word' id='word_1_347' title='bbox 475 2313 652 2366; x_wconf 89' lang='lat' dir='ltr'>accidat,</span> <span class='ocrx_word' id='word_1_348' title='bbox 675 2314 810 2371; x_wconf 79' lang='lat' dir='ltr'>magis</span> <span class='ocrx_word' id='word_1_349' title='bbox 828 2313 1060 2356; x_wconf 84' lang='lat' dir='ltr'>cavendum</span> <span class='ocrx_word' id='word_1_350' title='bbox 1082 2323 1156 2366; x_wconf 88' lang='lat' dir='ltr'>est,</span> <span class='ocrx_word' id='word_1_351' title='bbox 1179 2323 1226 2356; x_wconf 91' lang='lat' dir='ltr'>ut</span> <span class='ocrx_word' id='word_1_352' title='bbox 1247 2315 1289 2356; x_wconf 88' lang='lat' dir='ltr'>in</span> <span class='ocrx_word' id='word_1_353' title='bbox 1308 2315 1524 2372; x_wconf 84' lang='lat' dir='ltr'>Epiclero:</span> 
     </span>
    </p>

    <p class='ocr_par' dir='ltr' id='par_1_6' title="bbox 311 2374 1153 2411">
     <span class='ocr_line' id='line_1_38' title="bbox 311 2374 1153 2411; baseline -0.001 -1"><span class='ocrx_word' id='word_1_354' title='bbox 311 2374 441 2411; x_wconf 68' lang='lat' dir='ltr'>Hodie</span> <span class='ocrx_word' id='word_1_355' title='bbox 455 2387 507 2410; x_wconf 73' lang='lat' dir='ltr'>me</span> <span class='ocrx_word' id='word_1_356' title='bbox 527 2383 608 2410; x_wconf 77' lang='lat' dir='ltr'>ante</span> <span class='ocrx_word' id='word_1_357' title='bbox 622 2387 737 2410; x_wconf 75' lang='lat' dir='ltr'>omnes</span> <span class='ocrx_word' id='word_1_358' title='bbox 755 2374 908 2409; x_wconf 68' lang='lat' dir='ltr'>comicos</span> <span class='ocrx_word' id='word_1_359' title='bbox 923 2374 1046 2410; x_wconf 69' lang='lat' dir='ltr'>stultos</span> <span class='ocrx_word' id='word_1_360' title='bbox 1058 2386 1153 2410; x_wconf 76' lang='lat' dir='ltr'>senes</span> 
     </span>
    </p>

    <p class='ocr_par' dir='ltr' id='par_1_7' title="bbox 100 2425 1712 2587">
     <span class='ocr_line' id='line_1_39' title="bbox 319 2425 974 2476; baseline -0.002 -12"><span class='ocrx_word' id='word_1_361' title='bbox 319 2428 486 2469; x_wconf 69' lang='lat' dir='ltr'>Versarz&#39;s,</span> <span class='ocrx_word' id='word_1_362' title='bbox 510 2437 613 2476; x_wconf 62' lang='lat' dir='ltr'>arque</span> <span class='ocrx_word' id='word_1_363' title='bbox 625 2428 749 2464; x_wconf 62' lang='lat' dir='ltr'>luseris</span> <span class='ocrx_word' id='word_1_364' title='bbox 767 2425 974 2463; x_wconf 62' lang='lat' dir='ltr'>lauslssinzd.</span> 
     </span>
     <span class='ocr_line' id='line_1_40' title="bbox 100 2476 1712 2537; baseline -0.001 -15"><span class='ocrx_word' id='word_1_365' title='bbox 100 2481 210 2522; x_wconf 86' lang='lat' dir='ltr'>Haec</span> <span class='ocrx_word' id='word_1_366' title='bbox 231 2479 344 2522; x_wconf 88' lang='lat' dir='ltr'>enim</span> <span class='ocrx_word' id='word_1_367' title='bbox 375 2479 499 2520; x_wconf 87' lang='lat' dir='ltr'>etiam</span> <span class='ocrx_word' id='word_1_368' title='bbox 524 2478 565 2519; x_wconf 89' lang='lat' dir='ltr'>in</span> <span class='ocrx_word' id='word_1_369' title='bbox 600 2477 749 2521; x_wconf 86' lang='lat' dir='ltr'>fabulis</span> <span class='ocrx_word' id='word_1_370' title='bbox 772 2476 1017 2520; x_wconf 77' lang='lat' dir='ltr'>stultissima</span> <span class='ocrx_word' id='word_1_371' title='bbox 1037 2493 1211 2534; x_wconf 88' lang='lat' dir='ltr'>persona</span> <span class='ocrx_word' id='word_1_372' title='bbox 1231 2488 1291 2521; x_wconf 88' lang='lat' dir='ltr'>est</span> <span class='ocrx_word' id='word_1_373' title='bbox 1312 2479 1640 2537; x_wconf 79' lang='lat' dir='ltr'>improvidorum</span> <span class='ocrx_word' id='word_1_374' title='bbox 1661 2487 1712 2522; x_wconf 85' lang='lat'>35</span> 
     </span>
     <span class='ocr_line' id='line_1_41' title="bbox 101 2538 743 2587; baseline -0.006 -7"><span class='ocrx_word' id='word_1_375' title='bbox 101 2548 141 2580; x_wconf 83' lang='lat' dir='ltr'>et</span> <span class='ocrx_word' id='word_1_376' title='bbox 159 2538 420 2580; x_wconf 87' lang='lat' dir='ltr'>credulorum</span> <span class='ocrx_word' id='word_1_377' title='bbox 443 2552 606 2578; x_wconf 86' lang='lat' dir='ltr'>senum.</span> <span class='ocrx_word' id='word_1_378' title='bbox 742 2583 743 2587; x_wconf 13' lang='grc' dir='ltr'><strong>Ἰ</strong></span> 
     </span>
    </p>

    <p class='ocr_par' dir='ltr' id='par_1_8' title="bbox 100 2594 1648 2766">
     <span class='ocr_line' id='line_1_42' title="bbox 162 2594 1644 2651; baseline 0.001 -12"><span class='ocrx_word' id='word_1_379' title='bbox 162 2597 352 2639; x_wconf 77' lang='lat' dir='ltr'>XXVII.</span> <span class='ocrx_word' id='word_1_380' title='bbox 376 2595 456 2637; x_wconf 86' lang='lat' dir='ltr'>Sed</span> <span class='ocrx_word' id='word_1_381' title='bbox 476 2594 617 2636; x_wconf 85' lang='lat' dir='ltr'>nescio</span> <span class='ocrx_word' id='word_1_382' title='bbox 638 2610 722 2651; x_wconf 92' lang='lat' dir='ltr'>quo</span> <span class='ocrx_word' id='word_1_383' title='bbox 745 2604 866 2651; x_wconf 87' lang='lat' dir='ltr'>pacto</span> <span class='ocrx_word' id='word_1_384' title='bbox 897 2594 948 2636; x_wconf 87' lang='lat' dir='ltr'>ab</span> <span class='ocrx_word' id='word_1_385' title='bbox 969 2594 1164 2636; x_wconf 89' lang='lat' dir='ltr'>amicitiis</span> <span class='ocrx_word' id='word_1_386' title='bbox 1197 2595 1472 2651; x_wconf 83' lang='lat' dir='ltr'>perfectorum</span> <span class='ocrx_word' id='word_1_387' title='bbox 1499 2599 1644 2640; x_wconf 86' lang='lat' dir='ltr'>homi-</span> 
     </span>
     <span class='ocr_line' id='line_1_43' title="bbox 100 2652 1648 2711; baseline 0.001 -14"><span class='ocrx_word' id='word_1_388' title='bbox 100 2669 224 2705; x_wconf 88' lang='lat' dir='ltr'>num,</span> <span class='ocrx_word' id='word_1_389' title='bbox 245 2654 284 2695; x_wconf 87' lang='lat' dir='ltr'>id</span> <span class='ocrx_word' id='word_1_390' title='bbox 306 2663 380 2704; x_wconf 89' lang='lat' dir='ltr'>est,</span> <span class='ocrx_word' id='word_1_391' title='bbox 419 2652 667 2708; x_wconf 81' lang='lat' dir='ltr'>sapientium</span> <span class='ocrx_word' id='word_1_392' title='bbox 695 2653 762 2708; x_wconf 87' lang='lat' dir='ltr'>(de</span> <span class='ocrx_word' id='word_1_393' title='bbox 802 2653 881 2694; x_wconf 68' lang='lat' dir='ltr'>hac</span> <span class='ocrx_word' id='word_1_394' title='bbox 914 2652 1008 2694; x_wconf 88' lang='lat' dir='ltr'>dico</span> <span class='ocrx_word' id='word_1_395' title='bbox 1044 2653 1260 2708; x_wconf 69' lang='lat' dir='ltr'>sapientia,</span> <span class='ocrx_word' id='word_1_396' title='bbox 1293 2670 1388 2711; x_wconf 79' lang='lat' dir='ltr'>quae</span> <span class='ocrx_word' id='word_1_397' title='bbox 1422 2655 1581 2697; x_wconf 85' lang='lat' dir='ltr'>videtur</span> <span class='ocrx_word' id='word_1_398' title='bbox 1602 2657 1648 2699; x_wconf 90' lang='lat' dir='ltr'>in</span> 
     </span>
     <span class='ocr_line' id='line_1_44' title="bbox 102 2710 1645 2766; baseline 0.001 -11"><span class='ocrx_word' id='word_1_399' title='bbox 102 2712 323 2755; x_wconf 88' lang='lat' dir='ltr'>hominem</span> <span class='ocrx_word' id='word_1_400' title='bbox 345 2711 488 2752; x_wconf 86' lang='lat' dir='ltr'>eadere</span> <span class='ocrx_word' id='word_1_401' title='bbox 503 2712 638 2766; x_wconf 66' lang='lat' dir='ltr'>posse)</span> <span class='ocrx_word' id='word_1_402' title='bbox 659 2711 709 2752; x_wconf 87' lang='lat' dir='ltr'>ad</span> <span class='ocrx_word' id='word_1_403' title='bbox 730 2711 836 2752; x_wconf 89' lang='lat' dir='ltr'>leves</span> <span class='ocrx_word' id='word_1_404' title='bbox 853 2710 1057 2752; x_wconf 77' lang='lat' dir='ltr'>amicitias</span> <span class='ocrx_word' id='word_1_405' title='bbox 1077 2711 1242 2752; x_wconf 80' lang='lat' dir='ltr'>deflexit</span> <span class='ocrx_word' id='word_1_406' title='bbox 1261 2713 1408 2755; x_wconf 82' lang='lat' dir='ltr'>oratio.</span> <span class='ocrx_word' id='word_1_407' title='bbox 1471 2715 1645 2757; x_wconf 80' lang='lat' dir='ltr'>Quam-</span> 
     </span>
    </p>
   </div>
   <div class='ocr_carea' id='block_1_3' title="bbox 103 2768 1753 2829">
    <p class='ocr_par' dir='ltr' id='par_1_9' title="bbox 103 2768 1753 2829">
     <span class='ocr_line' id='line_1_45' title="bbox 103 2768 1753 2829; baseline 0.001 -16"><span class='ocrx_word' id='word_1_408' title='bbox 103 2770 247 2813; x_wconf 90' lang='lat' dir='ltr'>obrem</span> <span class='ocrx_word' id='word_1_409' title='bbox 267 2770 315 2811; x_wconf 87' lang='lat' dir='ltr'>ad</span> <span class='ocrx_word' id='word_1_410' title='bbox 339 2769 407 2811; x_wconf 88' lang='lat' dir='ltr'>illa</span> <span class='ocrx_word' id='word_1_411' title='bbox 428 2770 562 2825; x_wconf 88' lang='lat' dir='ltr'>prima</span> <span class='ocrx_word' id='word_1_412' title='bbox 594 2768 821 2818; x_wconf 77' lang='lat' dir='ltr'>redeamus,</span> <span class='ocrx_word' id='word_1_413' title='bbox 845 2783 974 2825; x_wconf 85' lang='lat' dir='ltr'>eaque</span> <span class='ocrx_word' id='word_1_414' title='bbox 1002 2768 1091 2824; x_wconf 88' lang='lat' dir='ltr'>ipsa</span> <span class='ocrx_word' id='word_1_415' title='bbox 1119 2768 1420 2812; x_wconf 84' lang='lat' dir='ltr'>concludamus</span> <span class='ocrx_word' id='word_1_416' title='bbox 1456 2771 1647 2829; x_wconf 87' lang='lat' dir='ltr'>aliquan-</span> <span class='ocrx_word' id='word_1_417' title='bbox 1665 2779 1689 2814; x_wconf 87' lang='lat'>5</span> <span class='ocrx_word' id='word_1_418' title='bbox 1748 2776 1753 2782; x_wconf 93' lang='lat'><em>&#39;</em></span> 
     </span>
    </p>
   </div>
   <div class='ocr_carea' id='block_1_4' title="bbox 102 2825 1651 2988">
    <p class='ocr_par' dir='ltr' id='par_1_10' title="bbox 102 2825 1651 2988">
     <span class='ocr_line' id='line_1_46' title="bbox 103 2825 1646 2883; baseline 0.001 -12"><span class='ocrx_word' id='word_1_419' title='bbox 103 2829 172 2871; x_wconf 83' lang='lat' dir='ltr'>do.</span> <span class='ocrx_word' id='word_1_420' title='bbox 234 2827 398 2879; x_wconf 72' lang='lat' dir='ltr'>VirtuS,</span> <span class='ocrx_word' id='word_1_421' title='bbox 424 2827 550 2869; x_wconf 85' lang='lat' dir='ltr'>virtus</span> <span class='ocrx_word' id='word_1_422' title='bbox 571 2826 759 2883; x_wconf 86' lang='lat' dir='ltr'>inquam,</span> <span class='ocrx_word' id='word_1_423' title='bbox 785 2827 837 2869; x_wconf 88' lang='lat' dir='ltr'>C.</span> <span class='ocrx_word' id='word_1_424' title='bbox 858 2825 1010 2878; x_wconf 87' lang='lat' dir='ltr'>Fanni,</span> <span class='ocrx_word' id='word_1_425' title='bbox 1043 2834 1083 2866; x_wconf 88' lang='lat' dir='ltr'>et</span> <span class='ocrx_word' id='word_1_426' title='bbox 1110 2835 1171 2879; x_wconf 89' lang='lat' dir='ltr'>tu,</span> <span class='ocrx_word' id='word_1_427' title='bbox 1194 2828 1252 2870; x_wconf 78' lang='lat' dir='ltr'>Q.</span> <span class='ocrx_word' id='word_1_428' title='bbox 1280 2827 1416 2882; x_wconf 83' lang='lat' dir='ltr'>Muci,</span> <span class='ocrx_word' id='word_1_429' title='bbox 1440 2838 1479 2870; x_wconf 87' lang='lat' dir='ltr'>et</span> <span class='ocrx_word' id='word_1_430' title='bbox 1499 2829 1646 2872; x_wconf 88' lang='lat' dir='ltr'>conci-</span> 
     </span>
     <span class='ocr_line' id='line_1_47' title="bbox 102 2883 1649 2940; baseline 0.001 -10"><span class='ocrx_word' id='word_1_431' title='bbox 102 2887 174 2930; x_wconf 84' lang='lat' dir='ltr'>liat</span> <span class='ocrx_word' id='word_1_432' title='bbox 209 2885 431 2938; x_wconf 71' lang='lat' dir='ltr'>amicitias,</span> <span class='ocrx_word' id='word_1_433' title='bbox 468 2896 508 2928; x_wconf 89' lang='lat' dir='ltr'>et</span> <span class='ocrx_word' id='word_1_434' title='bbox 529 2894 772 2939; x_wconf 83' lang='lat' dir='ltr'>conservat3</span> <span class='ocrx_word' id='word_1_435' title='bbox 806 2884 849 2926; x_wconf 91' lang='lat' dir='ltr'>in</span> <span class='ocrx_word' id='word_1_436' title='bbox 870 2884 919 2927; x_wconf 66' lang='lat' dir='ltr'>ea</span> <span class='ocrx_word' id='word_1_437' title='bbox 939 2893 1001 2927; x_wconf 88' lang='lat' dir='ltr'>est</span> <span class='ocrx_word' id='word_1_438' title='bbox 1034 2883 1150 2928; x_wconf 82' lang='lat' dir='ltr'>enim</span> <span class='ocrx_word' id='word_1_439' title='bbox 1184 2886 1474 2931; x_wconf 85' lang='lat' dir='ltr'>convenientia</span> <span class='ocrx_word' id='word_1_440' title='bbox 1493 2902 1649 2940; x_wconf 85' lang='lat' dir='ltr'>rerum,</span> 
     </span>
     <span class='ocr_line' id='line_1_48' title="bbox 1604 2960 1651 2988; baseline 0.021 -1"><span class='ocrx_word' id='word_1_441' title='bbox 1604 2960 1651 2988; x_wconf 88' lang='lat' dir='ltr'>m</span> 
     </span>
    </p>
   </div>
   <div class='ocr_carea' id='block_1_5' title="bbox 1862 409 1869 572">
    <p class='ocr_par' dir='ltr' id='par_1_11' title="bbox 1862 409 1869 572">
     <span class='ocr_line' id='line_1_49' title="bbox 1862 409 1869 572; textangle 90"><span class='ocrx_word' id='word_1_442' title='bbox 1862 409 1869 572; x_wconf 55' lang='grc' dir='ltr'>ω-..</span> 
     </span>
    </p>
   </div>
  </div>
 </body>
</html>
