1872 3135
144 174 198 210 24
637 167 706 210 M.
737 167 945 210 TULLII
976 167 1300 212 CICERONIS

213 281 375 315 nostros
391 288 476 315 non
494 273 721 330 poenitebat
739 284 842 325 tum,
859 276 955 316 cum
973 277 1014 318 Ρ.
1031 277 1248 328 Lentulus,
1263 275 1297 320 is
1312 276 1380 333 qui
1398 276 1584 333 princeps
1602 277 1730 318 Sena-

144 343 197 378 35
217 331 283 372 tus
319 329 411 381 fuit,
446 331 662 372 accusabat
693 333 756 373 M.
792 331 1027 387 Aquilium,
1051 334 1325 390 subscriptore
1354 335 1401 376 C.
1425 333 1579 377 Rutilio
1600 333 1725 385 Rufo,

216 398 288 429 aut
307 390 404 429 cum
439 389 483 428 P.
505 387 727 429 Africanus
763 389 891 430 homo
921 390 1082 441 virtute,
1114 390 1292 443 fortuna,
1327 391 1469 450 gloria,
1495 391 1614 432 rebus
1634 406 1727 446 ges-

215 443 269 486 tis
305 443 601 500 amplissimus,
620 454 882 500 posteaquam
898 445 961 486 bis
983 447 1139 489 Consul
1159 456 1198 487 et
1215 449 1373 490 Censor
1389 448 1530 499 fuerat,
1552 450 1604 490 L.
1622 448 1728 490 Cot·

219 509 304 542 tam
337 501 380 542 in
402 500 609 557 judicium
630 502 811 553 vocabat.
870 504 967 544 Jure
986 512 1074 544 turn
1096 504 1266 545 fiOrebat
1292 505 1429 560 populi
1452 503 1628 547 Romani
1649 520 1728 546 no-

219 572 343 599 men:
370 558 464 614 jure
488 558 705 600 auctoritas
735 559 858 616 hujus
891 559 1067 615 imperii,
1090 560 1344 616 civitatisque
1378 562 1566 617 majestas
1597 561 1730 618 gravis

146 627 202 663 40
220 615 460 656 habebatur.
518 616 661 656 Nemo
682 615 906 658 mirabatur
926 617 967 658 in
989 616 1188 659 Africano
1210 617 1295 669 illo,
1329 619 1437 675 quod
1457 618 1499 659 in
1531 634 1599 660 me
1618 633 1732 660 nunc

218 670 388 713 homine
409 670 538 727 parvis
560 671 724 727 opibus,
747 689 794 715 ac
827 673 1087 716 facultatibus
1107 676 1294 730 praedito‚
1316 674 1511 716 simulant
1531 690 1614 716 sese
1644 674 1728 716 mi-

219 728 312 779 rari,
336 731 435 770 cum
467 729 638 770 moleste
674 729 813 772 ferant.
874 730 989 775 Quid
1025 731 1103 773 sibi
1133 731 1210 773 iste
1229 732 1344 773 vult?
1377 741 1734 774 accusatorem-ne

219 800 261 826 se
280 784 519 836 existimari,
557 786 627 843 qui
658 789 777 828 antea
796 788 1008 830 defendere
1029 790 1319 830 consueverat?
1354 805 1465 830 nunc
1487 788 1732 844 praesertim,

217 845 265 883 ea
278 842 367 898 jam
387 852 518 893 aetate,
542 846 638 885 cuin
653 844 908 886 AEdilitatem
927 855 1034 902 petat
1050 848 1063 887 ?
1088 848 1178 903 Ego
1192 848 1298 897 vero,
1313 856 1351 886 et
1368 848 1382 870 ‘³¹
1396 847 1524 888 aetatis
1539 861 1624 888 non
1637 861 1731 887 mo-

143 913 199 948 45
218 898 272 942 do
303 914 424 951 meae,
457 900 525 941 sed
562 901 694 944 multo
724 901 847 943 etiam
869 902 1099 959 superioris,
1123 912 1162 944 et
1184 903 1349 945 honoris
1372 903 1614 958 amplissimi
1633 912 1734 958 puto

216 971 318 1008 esse,
341 968 380 998 et
399 972 586 999 accusare
606 957 833 1014 improbos,
864 970 904 1001 et
933 960 1103 1001 miseros
1134 959 1474 1017 calamitososque
1504 959 1733 1003 defendere.

214 1015 269 1056 Et
291 1014 473 1069 profecto
501 1025 571 1055 aut
606 1015 686 1057 hoc
716 1018 942 1058 remedium
974 1027 1035 1059 est
1066 1024 1244 1074 aegrotae,
1278 1033 1323 1059 ac
1357 1020 1483 1073 prope
1516 1019 1736 1073 desperatae

179 1120 185 1125 l
214 1069 375 1126 reipub.
402 1071 656 1129 judiciisque
688 1073 903 1129 corruptiS‚
939 1089 987 1115 ac
1009 1074 1298 1116 contaminatis
1321 1090 1544 1128 paucorum
1566 1074 1665 1116 vitio
1685 1089 1734 1116 ac

214 1127 482 1183 turpitudine,
507 1129 695 1172 homines
715 1130 764 1171 ad
784 1130 921 1188 legum
949 1130 1245 1183 defensionem,
1261 1132 1598 1189 judiciorumque
1632 1147 1732 1172 auc-

144 1197 200 1233 50
215 1185 438 1237 toritatem,
462 1188 588 1242 quam
610 1187 921 1230 honestissimos
951 1198 990 1230 et
1010 1188 1294 1245 integerrimos
1313 1187 1734 1246 diligentissimosque

212 1242 528 1284 accedere:·aut
555 1242 588 1284 si
619 1260 670 1286 ne
703 1246 783 1287 hoc
818 1244 984 1302 quidem
1007 1246 1194 1300 prodesse
1225 1245 1386 1302 poterit,
1420 1244 1602 1302 profecto
1622 1244 1737 1287 nulla

211 1314 399 1356 unquam
432 1299 637 1343 medicina
665 1302 731 1344 his
766 1311 826 1344 tot
856 1302 1133 1346 incOmmodis
1169 1303 1398 1360 reperietur.
1460 1303 1593 1345 Nulla
1627 1302 1735 1344 salus

214 1355 382 1412 reipubl.
405 1357 537 1414 major
571 1368 645 1409 est,
678 1361 806 1416 quam
841 1374 925 1411 eOS,
959 1359 1030 1416 qui
1053 1361 1223 1402 alterum
1258 1369 1466 1412 accusant,
1488 1375 1573 1402 non
1594 1358 1737 1402 minus

212 1413 264 1455 de
281 1414 412 1466 laude,
433 1414 482 1461 de
503 1414 675 1468 honore,
696 1417 747 1458 de
775 1417 887 1459 fama
906 1419 993 1468 sua,
1016 1417 1143 1474 quam
1173 1417 1280 1470 illos,
1305 1417 1374 1475 qui
1397 1426 1655 1468 accusantur,
1687 1416 1739 1458 de

144 1484 197 1518 55
213 1470 345 1526 capite
364 1487 411 1513 ac
430 1470 605 1514 fortunis
635 1472 718 1515 suis
740 1473 1034 1530 pertimescere.
1098 1476 1243 1531 Itaque
1274 1490 1433 1530 semper
1464 1474 1521 1516 illi
1558 1473 1735 1530 diligen-

215 1527 390 1580 tissime,
414 1528 816 1587 laboriosissimeque
853 1534 1112 1584 accusarunt,
1145 1531 1217 1588 qui
1248 1547 1289 1574 se
1319 1531 1430 1588 ipsos
1449 1531 1493 1574 in
1514 1529 1739 1574 discrimen

213 1583 529 1628 existimationis
547 1586 683 1630 venire
702 1587 885 1631 arbitrati
907 1598 1018 1631 sunt.
1748 1598 1751 1600 ’

867 1663 884 1686 d
901 1665 1098 1700 senectutis.

256 1729 308 1759 34.
326 1730 399 1761 Ciam
413 1731 488 1762 Pub.
503 1731 676 1776 Lentulus]
692 1734 850 1766 Lentulus
861 1736 948 1765 Len-
1037 1734 1088 1764 42.
1114 1734 1186 1764 Cbm
1224 1733 1419 1765 AEclilitatem
1446 1736 1558 1775 petat]
1583 1733 1739 1766 AEdilitas

209 1772 272 1806 tuli
289 1775 377 1805 Surae
407 1781 510 1816 pater,
533 1775 588 1817 qui
611 1776 644 1807 in
669 1788 794 1809 carcere
816 1786 949 1821 propter
994 1777 1148 1809 secundus
1164 1785 1231 1808 erat
1252 1777 1469 1819 magistratus,
1487 1777 1541 1820 qui
1567 1778 1740 1820 gerebatur

216 1817 368 1849 Catilinae
384 1819 639 1860 conjurationem
655 1820 873 1864 strangulatus
893 1829 948 1853 est.
999 1821 1031 1851 in
1052 1821 1176 1863 Repub.
1193 1829 1286 1852 natus
1307 1828 1415 1852 autem
1436 1829 1503 1852 erat
1529 1829 1599 1853 tum
1617 1823 1734 1854 Cicero

260 1861 305 1892 Id.
323 1862 466 1902 Princeps
481 1862 635 1907 Senatzts]
650 1865 801 1908 Princeps
823 1864 955 1897 Senatus
999 1876 1098 1896 annos
1111 1866 1161 1896 56.
1176 1865 1245 1897 haec
1261 1873 1368 1897 autem
1387 1873 1466 1897 aetas
1478 1866 1644 1898 AEdilitati
1656 1867 1740 1910 legi-

213 1907 232 1935 a
249 1905 443 1937 Censoribus
463 1905 489 1937 is
505 1905 684 1950 legebatur,
699 1909 755 1952 qui
771 1921 883 1942 eorum
899 1921 955 1941 ve-
999 1909 1079 1940 tinia
1091 1908 1163 1940 fuit.
1516 1926 1518 1929 ·

213 1948 407 1980 tustissimus
422 1957 501 1982 erat.
686 1960 689 1963 ·
1042 1956 1094 1984 45.
1107 1954 1166 1983 Sed
1178 1952 1271 1982 multo‘
1281 1952 1371 1983 etiam
1382 1952 1568 1996 superioris-,J
1587 1953 1737 1988 Ostendit

259 1995 312 2024 35.
336 1993 385 2024 M.
408 1995 582 2038 Aquilium]
608 1995 761 2038 Aquilius
787 2001 804 2027 a
832 1999 951 2029 Marco
997 1997 1048 2028 hic
1065 2008 1129 2028 non
1146 1995 1246 2028 solum
1264 1996 1304 2027 ad
1326 1996 1552 2034 adolescentes,
1569 1998 1623 2029 sed
1639 1998 1737 2030 etiam

213 2036 362 2068 Antonio
378 2037 524 2070 defensus
540 2047 586 2071 est
598 2044 707 2084 aperta
718 2041 825 2073 tunica
841 2050 876 2074 ut
887 2044 954 2085 ejus

185 2114 190 2119 ,
215 2080 380 2112 cicatrices
396 2091 596 2124 apparerent.

258 2127 312 2155 37.
324 2124 363 2155 L.
374 2126 511 2170 Cottam]
524 2128 622 2159 Cotta
637 2127 655 2159 a
669 2129 705 2160 P.
715 2129 871 2162 Africano
881 2139 953 2173 post

212 2168 389 2201 secundum
401 2170 624 2209 Consulatum,
638 2180 669 2203 et
681 2174 852 2205 Censuram
862 2186 954 2207 accu-

213 2219 300 2244 satus
315 2220 379 2245 est:
404 2214 459 2255 qui
472 2222 580 2247 tamen
595 2217 688 2258 (teste
701 2218 804 2250 Cicer.
816 2218 848 2249 in
863 2221 954 2251 Orat.

213 2265 274 2299 pro
299 2256 458 2296 Muraena)
476 2258 639 2292 absolutus
663 2269 721 2298 est,
736 2273 775 2293 ne
791 2264 874 2295 tanti
899 2265 955 2296 ad·

213 2299 348 2331 versarii
360 2302 502 2342 potentia
520 2314 687 2345 oppressus
696 2299 869 2338 videretur.

258 2345 311 2374 42.
324 2345 472 2376 Quidsibi
483 2347 542 2387 ipse
558 2349 620 2379 vult
629 2349 660 2391 ἓ]
679 2349 882 2382 Calumniam
894 2352 956 2384 im·

213 2386 393 2430 proborum
409 2396 522 2421 contra
537 2401 569 2422 se
585 2393 727 2435 exponit,
743 2395 798 2435 qui
821 2396 954 2428 moleste

212 2431 322 2463 serunt
334 2435 351 2461 a
368 2431 524 2465 Cicerone
537 2436 674 2468 Verrem
691 2440 953 2478 accusari‚veriti

212 2485 254 2506 nc
272 2475 421 2517 deinceps
435 2477 476 2508 ad
491 2477 637 2513 homines
648 2482 766 2525 probos
778 2486 952 2517 accusandi

212 2520 410 2552 consuetudo
422 2521 584 2554 deveniat.

998 2042 1038 2073 ad
1054 2041 1140 2073 viros
1155 2040 1317 2084 pertinere
1332 2051 1449 2072 munus
1468 2041 1648 2081 accusandi,
1663 2040 1736 2074 esim

1000 2085 1039 2117 de
1057 2084 1260 2125 sublevandis
1289 2083 1412 2116 miseris
1434 2086 1553 2128 agitur,
1568 2084 1641 2117 chm
1656 2086 1739 2118 illud

1000 2130 1178 2172 praesertim
1191 2127 1385 2171 usurparunt
1396 2129 1458 2161 viri
1477 2137 1571 2162 aetate
1581 2131 1740 2173 provecti,

1001 2182 1032 2206 ct
1051 2175 1250 2206 Consulares.

1046 2219 1091 2250 lb.
1108 2218 1241 2249 Honoris
1265 2215 1463 2258 amplissima]
1489 2217 1553 2249 Per
1577 2215 1736 2250 honorem

1001 2262 1232 2302 amplissimum
1261 2259 1473 2292 Consulatum
1500 2260 1666 2303 intelligit,
1681 2261 1738 2304 qui

974 2309 978 2312 ”
1001 2306 1146 2338 omnium
1163 2305 1411 2347 magistratuum
1423 2311 1490 2336 erat
1506 2305 1673 2337 maximus.

1042 2352 1094 2383 47.
1117 2348 1282 2392 AEgrotae.]
1294 2349 1434 2390 AEgrota
1445 2356 1491 2380 est
1508 2348 1648 2392 Respub.
1660 2349 1739 2382 cum

998 2395 1090 2426 malis
1109 2395 1231 2426 civibus
1254 2399 1371 2424 scatet:
1395 2392 1562 2437 desperata
1587 2399 1646 2431 est,
1660 2394 1736 2426 cum

997 2439 1037 2471 ab
1053 2439 1091 2470 iis
1107 2435 1312 2483 opprimitur.

800 2586 1151 2631 PERORATIO.

269 2652 753 2699 XV111.'Quamobrem
774 2658 855 2699 hoc
877 2667 1063 2712 statuere,
1085 2659 1269 2714 Judices,
1289 2661 1460 2716 debetis,
1481 2661 1540 2706 Q..
1563 2660 1734 2705 Caecili-

211 2723 304 2771 um,
328 2709 378 2751 de
399 2725 482 2768 quo
499 2712 614 2754 nulla
631 2729 814 2771 unquam
838 2723 852 2738 ²
870 2715 1012 2771 opinio
1032 2717 1168 2770 fuerit,
1190 2718 1383 2776 nullaque
1397 2718 1439 2761 in
1457 2720 1538 2761 hoc
1558 2718 1648 2774 ipso
1658 2719 1734 2775 ju-

213 2764 324 2808 dicio
344 2768 360 2792 ¹³
379 2769 629 2825 exspectatio
649 2770 786 2814 futura
801 2772 869 2825 sit,
888 2772 959 2831 qui
979 2788 1112 2831 neque
1131 2785 1178 2817 ut
1188 2775 1284 2818 ante
1298 2784 1312 2800 Ε
1329 2775 1543 2819 collectam
1562 2776 1734 2829 famam,

487 2846 503 2865 ²
519 2845 744 2883 existimatio
761 2846 872 2884 bona.
926 2845 944 2870 ¹⁷
959 2849 1166 2887 nullatenus.
1220 2855 1235 2874 ⁶
1252 2852 1476 2902 acquisitam.

1629 2916 1732 2944 COU-
