<?xml version="1.0" encoding="UTF-8"?>
<!DOCTYPE html PUBLIC "-//W3C//DTD XHTML 1.0 Transitional//EN"
    "http://www.w3.org/TR/xhtml1/DTD/xhtml1-transitional.dtd">
<html xmlns="http://www.w3.org/1999/xhtml" xml:lang="en" lang="en">
 <head>
  <title>
</title>
<meta http-equiv="Content-Type" content="text/html;charset=utf-8" />
  <meta name='ocr-system' content='tesseract 3.04.00' />
  <meta name='ocr-capabilities' content='ocr_page ocr_carea ocr_par ocr_line ocrx_word'/>
</head>
<body>
  <div class='ocr_page' id='page_1' title='image "./orationesquaedam00ciceuoft/orationesquaedam00ciceuoft_0294.png"; bbox 0 0 1887 3109; ppageno 0'>
   <div class='ocr_carea' id='block_1_1' title="bbox 72 119 156 155">
    <p class='ocr_par' dir='ltr' id='par_1_1' title="bbox 72 119 156 155">
     <span class='ocr_line' id='line_1_1' title="bbox 72 119 156 155; baseline 0.024 -2"><span class='ocrx_word' id='word_1_1' title='bbox 72 119 156 155; x_wconf 71' lang='lat'><strong>⁶252</strong></span> 
     </span>
    </p>
   </div>
   <div class='ocr_carea' id='block_1_2' title="bbox 528 111 1189 159">
    <p class='ocr_par' dir='ltr' id='par_1_2' title="bbox 528 111 1189 159">
     <span class='ocr_line' id='line_1_2' title="bbox 528 111 1189 159; baseline -0.005 0"><span class='ocrx_word' id='word_1_2' title='bbox 528 117 596 159; x_wconf 86' lang='lat' dir='ltr'><strong>M.</strong></span> <span class='ocrx_word' id='word_1_3' title='bbox 627 111 833 158; x_wconf 85' lang='lat' dir='ltr'><strong>TULLII</strong></span> <span class='ocrx_word' id='word_1_4' title='bbox 867 111 1189 157; x_wconf 83' lang='lat' dir='ltr'>CICERONIS</span> 
     </span>
    </p>
   </div>
   <div class='ocr_carea' id='block_1_3' title="bbox 142 221 1650 349">
    <p class='ocr_par' dir='ltr' id='par_1_3' title="bbox 142 221 1650 349">
     <span class='ocr_line' id='line_1_3' title="bbox 142 221 1650 285; baseline -0.002 -16"><span class='ocrx_word' id='word_1_5' title='bbox 142 229 317 285; x_wconf 87' lang='lat' dir='ltr'><strong>populus</strong></span> <span class='ocrx_word' id='word_1_6' title='bbox 352 229 562 271; x_wconf 82' lang='lat' dir='ltr'><strong>Romanus</strong></span> <span class='ocrx_word' id='word_1_7' title='bbox 601 228 826 278; x_wconf 78' lang='lat' dir='ltr'><strong>universus,</strong></span> <span class='ocrx_word' id='word_1_8' title='bbox 863 225 934 269; x_wconf 72' lang='lat' dir='ltr'><strong>illa</strong></span> <span class='ocrx_word' id='word_1_9' title='bbox 965 226 1009 270; x_wconf 90' lang='lat' dir='ltr'><strong>in</strong></span> <span class='ocrx_word' id='word_1_10' title='bbox 1043 228 1257 279; x_wconf 85' lang='lat' dir='ltr'>concione,</span> <span class='ocrx_word' id='word_1_11' title='bbox 1291 242 1379 270; x_wconf 88' lang='lat' dir='ltr'><strong>non</strong></span> <span class='ocrx_word' id='word_1_12' title='bbox 1417 225 1539 268; x_wconf 86' lang='lat' dir='ltr'><strong>unius</strong></span> <span class='ocrx_word' id='word_1_13' title='bbox 1567 221 1650 266; x_wconf 82' lang='lat' dir='ltr'><strong>diei</strong></span> 
     </span>
     <span class='ocr_line' id='line_1_4' title="bbox 142 281 1650 349; baseline -0.003 -23"><span class='ocrx_word' id='word_1_14' title='bbox 142 286 468 342; x_wconf 82' lang='lat' dir='ltr'>gratulationem,</span> <span class='ocrx_word' id='word_1_15' title='bbox 491 285 557 325; x_wconf 80' lang='lat' dir='ltr'><strong>sed</strong></span> <span class='ocrx_word' id='word_1_16' title='bbox 586 284 854 326; x_wconf 73' lang='lat' dir='ltr'><strong>aeternitatem</strong></span> <span class='ocrx_word' id='word_1_17' title='bbox 883 283 1312 349; x_wconf 81' lang='lat' dir='ltr'><strong>immortalitatemque</strong></span> <span class='ocrx_word' id='word_1_18' title='bbox 1345 283 1526 334; x_wconf 87' lang='lat' dir='ltr'><strong>donavit,</strong></span> <span class='ocrx_word' id='word_1_19' title='bbox 1549 281 1650 323; x_wconf 73' lang='lat' dir='ltr'><strong>cum</strong></span> 
     </span>
    </p>
   </div>
   <div class='ocr_carea' id='block_1_4' title="bbox 142 398 632 454">
    <p class='ocr_par' dir='ltr' id='par_1_4' title="bbox 142 398 632 454">
     <span class='ocr_line' id='line_1_5' title="bbox 142 398 632 454; baseline -0.002 -13"><span class='ocrx_word' id='word_1_20' title='bbox 142 415 344 441; x_wconf 82' lang='lat' dir='ltr'><strong>consensu</strong></span> <span class='ocrx_word' id='word_1_21' title='bbox 382 398 632 454; x_wconf 80' lang='lat' dir='ltr'>approbavit.</span> 
     </span>
    </p>
   </div>
   <div class='ocr_carea' id='block_1_5' title="bbox 69 341 1663 461">
    <p class='ocr_par' dir='ltr' id='par_1_5' title="bbox 69 341 1663 461">
     <span class='ocr_line' id='line_1_6' title="bbox 69 341 1663 400; baseline -0.003 -17"><span class='ocrx_word' id='word_1_22' title='bbox 69 348 122 383; x_wconf 72' lang='lat'><strong>45</strong></span> <span class='ocrx_word' id='word_1_23' title='bbox 143 357 284 386; x_wconf 81' lang='lat' dir='ltr'><strong>meum</strong></span> <span class='ocrx_word' id='word_1_24' title='bbox 313 341 603 400; x_wconf 82' lang='lat' dir='ltr'><strong>jusjurandum</strong></span> <span class='ocrx_word' id='word_1_25' title='bbox 635 341 712 383; x_wconf 86' lang='lat' dir='ltr'><strong>tale</strong></span> <span class='ocrx_word' id='word_1_26' title='bbox 733 349 853 396; x_wconf 80' lang='lat' dir='ltr'><strong>atque</strong></span> <span class='ocrx_word' id='word_1_27' title='bbox 883 350 1060 394; x_wconf 87' lang='lat' dir='ltr'><strong>tantum,</strong></span> <span class='ocrx_word' id='word_1_28' title='bbox 1075 342 1234 398; x_wconf 86' lang='lat' dir='ltr'><strong>juratus</strong></span> <span class='ocrx_word' id='word_1_29' title='bbox 1268 357 1368 398; x_wconf 82' lang='lat' dir='ltr'><strong>ipse,</strong></span> <span class='ocrx_word' id='word_1_30' title='bbox 1390 344 1474 384; x_wconf 69' lang='lat' dir='ltr'><strong>una</strong></span> <span class='ocrx_word' id='word_1_31' title='bbox 1492 352 1591 381; x_wconf 86' lang='lat' dir='ltr'><strong>voce</strong></span> <span class='ocrx_word' id='word_1_32' title='bbox 1610 345 1663 379; x_wconf 88' lang='lat' dir='ltr'><strong>et-</strong></span> 
     </span>
     <span class='ocr_line' id='line_1_7' title="bbox 701 397 1651 461; baseline -0.001 -20"><span class='ocrx_word' id='word_1_33' title='bbox 701 398 800 441; x_wconf 78' lang='lat' dir='ltr'><strong>Quo</strong></span> <span class='ocrx_word' id='word_1_34' title='bbox 837 397 1004 461; x_wconf 66' lang='lat' dir='ltr'><strong>quiden)</strong></span> <span class='ocrx_word' id='word_1_35' title='bbox 1043 406 1224 454; x_wconf 82' lang='lat' dir='ltr'><strong>tempore</strong></span> <span class='ocrx_word' id='word_1_36' title='bbox 1257 399 1291 441; x_wconf 86' lang='lat' dir='ltr'><strong>is</strong></span> <span class='ocrx_word' id='word_1_37' title='bbox 1329 413 1444 442; x_wconf 89' lang='lat' dir='ltr'><strong>meus</strong></span> <span class='ocrx_word' id='word_1_38' title='bbox 1478 397 1651 440; x_wconf 86' lang='lat' dir='ltr'><strong>domum</strong></span> 
     </span>
    </p>
   </div>
   <div class='ocr_carea' id='block_1_6' title="bbox 140 451 1655 512">
    <p class='ocr_par' dir='ltr' id='par_1_6' title="bbox 140 451 1655 512">
     <span class='ocr_line' id='line_1_8' title="bbox 140 451 1655 512; baseline -0.004 -14"><span class='ocrx_word' id='word_1_39' title='bbox 140 456 218 498; x_wconf 90' lang='lat' dir='ltr'><strong>fuit</strong></span> <span class='ocrx_word' id='word_1_40' title='bbox 238 457 259 497; x_wconf 83' lang='grc' dir='ltr'>ὲ</span> <span class='ocrx_word' id='word_1_41' title='bbox 279 456 366 497; x_wconf 91' lang='lat' dir='ltr'><strong>foro</strong></span> <span class='ocrx_word' id='word_1_42' title='bbox 393 454 558 510; x_wconf 81' lang='lat' dir='ltr'><strong>reditus,</strong></span> <span class='ocrx_word' id='word_1_43' title='bbox 580 464 627 496; x_wconf 88' lang='lat' dir='ltr'><strong>ut</strong></span> <span class='ocrx_word' id='word_1_44' title='bbox 657 469 797 506; x_wconf 85' lang='lat' dir='ltr'><strong>ne1n0,</strong></span> <span class='ocrx_word' id='word_1_45' title='bbox 818 455 897 496; x_wconf 75' lang='lat' dir='ltr'><strong>nisi</strong></span> <span class='ocrx_word' id='word_1_46' title='bbox 917 470 988 512; x_wconf 82' lang='lat' dir='ltr'><strong>qui</strong></span> <span class='ocrx_word' id='word_1_47' title='bbox 1008 470 1175 497; x_wconf 88' lang='lat' dir='ltr'><strong>mecum</strong></span> <span class='ocrx_word' id='word_1_48' title='bbox 1194 466 1311 506; x_wconf 85' lang='lat' dir='ltr'><strong>esset,</strong></span> <span class='ocrx_word' id='word_1_49' title='bbox 1333 456 1485 498; x_wconf 88' lang='lat' dir='ltr'><strong>civium</strong></span> <span class='ocrx_word' id='word_1_50' title='bbox 1505 468 1592 496; x_wconf 85' lang='lat' dir='ltr'><strong>esse</strong></span> <span class='ocrx_word' id='word_1_51' title='bbox 1611 451 1655 493; x_wconf 87' lang='lat' dir='ltr'><strong>in</strong></span> 
     </span>
    </p>
   </div>
   <div class='ocr_carea' id='block_1_7' title="bbox 141 511 548 555">
    <p class='ocr_par' dir='ltr' id='par_1_7' title="bbox 141 511 548 555">
     <span class='ocr_line' id='line_1_9' title="bbox 141 511 548 555; baseline -0.005 0"><span class='ocrx_word' id='word_1_52' title='bbox 141 528 315 555; x_wconf 88' lang='lat' dir='ltr'><strong>numero</strong></span> <span class='ocrx_word' id='word_1_53' title='bbox 335 511 548 553; x_wconf 83' lang='lat' dir='ltr'><strong>videretur.</strong></span> 
     </span>
    </p>
   </div>
   <div class='ocr_carea' id='block_1_8' title="bbox 607 512 1654 569">
    <p class='ocr_par' dir='ltr' id='par_1_8' title="bbox 607 512 1654 569">
     <span class='ocr_line' id='line_1_10' title="bbox 607 512 1654 569; baseline -0.004 -15"><span class='ocrx_word' id='word_1_54' title='bbox 607 513 748 569; x_wconf 82' lang='lat' dir='ltr'>Atque</span> <span class='ocrx_word' id='word_1_55' title='bbox 784 512 838 553; x_wconf 91' lang='lat' dir='ltr'><strong>ita</strong></span> <span class='ocrx_word' id='word_1_56' title='bbox 868 521 927 553; x_wconf 89' lang='lat' dir='ltr'><strong>est</strong></span> <span class='ocrx_word' id='word_1_57' title='bbox 948 514 985 555; x_wconf 15' lang='lat' dir='ltr'><strong>ra</strong></span> <span class='ocrx_word' id='word_1_58' title='bbox 1017 526 1084 554; x_wconf 88' lang='lat' dir='ltr'><strong>me</strong></span> <span class='ocrx_word' id='word_1_59' title='bbox 1103 512 1338 554; x_wconf 84' lang='lat' dir='ltr'><strong>consulatus</strong></span> <span class='ocrx_word' id='word_1_60' title='bbox 1373 521 1574 568; x_wconf 85' lang='lat' dir='ltr'><strong>peractus,</strong></span> <span class='ocrx_word' id='word_1_61' title='bbox 1606 518 1654 551; x_wconf 87' lang='lat' dir='ltr'><strong>ut</strong></span> 
     </span>
    </p>
   </div>
   <div class='ocr_carea' id='block_1_9' title="bbox 141 562 1661 625">
    <p class='ocr_par' dir='ltr' id='par_1_9' title="bbox 141 562 1661 625">
     <span class='ocr_line' id='line_1_11' title="bbox 141 562 1661 625; baseline -0.003 -14"><span class='ocrx_word' id='word_1_62' title='bbox 141 569 244 612; x_wconf 85' lang='lat' dir='ltr'><strong>nihil</strong></span> <span class='ocrx_word' id='word_1_63' title='bbox 281 568 368 610; x_wconf 88' lang='lat' dir='ltr'><strong>sine</strong></span> <span class='ocrx_word' id='word_1_64' title='bbox 388 568 560 610; x_wconf 88' lang='lat' dir='ltr'><strong>consilio</strong></span> <span class='ocrx_word' id='word_1_65' title='bbox 580 570 770 620; x_wconf 70' lang='lat' dir='ltr'><strong>Senatus,</strong></span> <span class='ocrx_word' id='word_1_66' title='bbox 791 562 896 611; x_wconf 78' lang='lat' dir='ltr'><strong>&#39;nihil</strong></span> <span class='ocrx_word' id='word_1_67' title='bbox 917 584 1002 611; x_wconf 84' lang='lat' dir='ltr'><strong>uon</strong></span> <span class='ocrx_word' id='word_1_68' title='bbox 1023 568 1272 625; x_wconf 81' lang='lat' dir='ltr'>approbante</span> <span class='ocrx_word' id='word_1_69' title='bbox 1292 569 1443 625; x_wconf 90' lang='lat' dir='ltr'><strong>populo</strong></span> <span class='ocrx_word' id='word_1_70' title='bbox 1462 570 1661 611; x_wconf 88' lang='lat' dir='ltr'><strong>Romano·</strong></span> 
     </span>
    </p>
   </div>
   <div class='ocr_carea' id='block_1_10' title="bbox 67 625 1653 683">
    <p class='ocr_par' dir='ltr' id='par_1_10' title="bbox 67 625 1653 683">
     <span class='ocr_line' id='line_1_12' title="bbox 67 625 1653 683; baseline -0.001 -17"><span class='ocrx_word' id='word_1_71' title='bbox 67 631 123 672; x_wconf 80' lang='lat'><strong>50</strong></span> <span class='ocrx_word' id='word_1_72' title='bbox 142 625 293 683; x_wconf 81' lang='lat' dir='ltr'><strong>egerim</strong></span> <span class='ocrx_word' id='word_1_73' title='bbox 312 643 322 668; x_wconf 71' lang='grc' dir='ltr'>ε</span> <span class='ocrx_word' id='word_1_74' title='bbox 355 634 401 667; x_wconf 86' lang='lat' dir='ltr'><strong>ut</strong></span> <span class='ocrx_word' id='word_1_75' title='bbox 421 641 581 682; x_wconf 79' lang='lat' dir='ltr'><strong>semper</strong></span> <span class='ocrx_word' id='word_1_76' title='bbox 601 626 643 668; x_wconf 89' lang='lat' dir='ltr'><strong>in</strong></span> <span class='ocrx_word' id='word_1_77' title='bbox 664 626 801 668; x_wconf 85' lang='lat' dir='ltr'><strong>rostris</strong></span> <span class='ocrx_word' id='word_1_78' title='bbox 822 625 993 678; x_wconf 85' lang='lat' dir='ltr'><strong>curiam,</strong></span> <span class='ocrx_word' id='word_1_79' title='bbox 1009 626 1053 668; x_wconf 88' lang='lat' dir='ltr'><strong>in</strong></span> <span class='ocrx_word' id='word_1_80' title='bbox 1074 628 1228 669; x_wconf 81' lang='lat' dir='ltr'><strong>Senatu</strong></span> <span class='ocrx_word' id='word_1_81' title='bbox 1243 626 1441 681; x_wconf 88' lang='lat' dir='ltr'><strong>populum</strong></span> <span class='ocrx_word' id='word_1_82' title='bbox 1462 625 1653 667; x_wconf 83' lang='lat' dir='ltr'><strong>defende-</strong></span> 
     </span>
    </p>
   </div>
   <div class='ocr_carea' id='block_1_11' title="bbox 141 682 1653 741">
    <p class='ocr_par' dir='ltr' id='par_1_11' title="bbox 141 682 1653 741">
     <span class='ocr_line' id='line_1_13' title="bbox 141 682 1653 741; baseline 0 -17"><span class='ocrx_word' id='word_1_83' title='bbox 141 684 218 725; x_wconf 85' lang='lat' dir='ltr'><strong>rim</strong></span> <span class='ocrx_word' id='word_1_84' title='bbox 239 699 246 724; x_wconf 91' lang='lat'><strong>:</strong></span> <span class='ocrx_word' id='word_1_85' title='bbox 278 692 326 725; x_wconf 93' lang='lat' dir='ltr'><strong>ut</strong></span> <span class='ocrx_word' id='word_1_86' title='bbox 355 682 663 726; x_wconf 79' lang='lat' dir='ltr'>multitudinem</span> <span class='ocrx_word' id='word_1_87' title='bbox 691 698 786 725; x_wconf 88' lang='lat' dir='ltr'><strong>cum</strong></span> <span class='ocrx_word' id='word_1_88' title='bbox 809 682 1079 740; x_wconf 85' lang='lat' dir='ltr'><strong>principibus,</strong></span> <span class='ocrx_word' id='word_1_89' title='bbox 1102 693 1330 741; x_wconf 82' lang='lat' dir='ltr'><strong>equestrem</strong></span> <span class='ocrx_word' id='word_1_90' title='bbox 1351 682 1537 724; x_wconf 82' lang='lat' dir='ltr'><strong>ordinem</strong></span> <span class='ocrx_word' id='word_1_91' title='bbox 1555 695 1653 724; x_wconf 85' lang='lat' dir='ltr'><strong>cum</strong></span> 
     </span>
    </p>
   </div>
   <div class='ocr_carea' id='block_1_12' title="bbox 139 741 611 797">
    <p class='ocr_par' dir='ltr' id='par_1_12' title="bbox 139 741 611 797">
     <span class='ocr_line' id='line_1_14' title="bbox 139 741 611 797; baseline 0 -15"><span class='ocrx_word' id='word_1_92' title='bbox 139 741 292 782; x_wconf 86' lang='lat' dir='ltr'><strong>Senatu</strong></span> <span class='ocrx_word' id='word_1_93' title='bbox 312 741 611 797; x_wconf 81' lang='lat' dir='ltr'><strong>conjunxerim.</strong></span> 
     </span>
    </p>
   </div>
   <div class='ocr_carea' id='block_1_13' title="bbox 99 793 1664 1084">
    <p class='ocr_par' dir='ltr' id='par_1_13' title="bbox 99 793 1664 1084">
     <span class='ocr_line' id='line_1_15' title="bbox 197 793 1652 853; baseline -0.001 -15"><span class='ocrx_word' id='word_1_94' title='bbox 197 797 279 839; x_wconf 87' lang='grc' dir='ltr'>ΙΙΙ.</span> <span class='ocrx_word' id='word_1_95' title='bbox 300 797 483 853; x_wconf 77' lang='lat' dir='ltr'><strong>Exposui</strong></span> <span class='ocrx_word' id='word_1_96' title='bbox 503 798 676 840; x_wconf 85' lang='lat' dir='ltr'><strong>breviter</strong></span> <span class='ocrx_word' id='word_1_97' title='bbox 705 798 965 840; x_wconf 87' lang='lat' dir='ltr'><strong>consulatum</strong></span> <span class='ocrx_word' id='word_1_98' title='bbox 999 811 1156 838; x_wconf 86' lang='lat' dir='ltr'><strong>meum.</strong></span> <span class='ocrx_word' id='word_1_99' title='bbox 1214 796 1339 840; x_wconf 86' lang='lat' dir='ltr'><strong>Aude</strong></span> <span class='ocrx_word' id='word_1_100' title='bbox 1367 811 1497 847; x_wconf 86' lang='lat' dir='ltr'><strong>nunc,</strong></span> <span class='ocrx_word' id='word_1_101' title='bbox 1526 796 1555 837; x_wconf 86' lang='grc' dir='ltr'><strong><em>ὃ</em></strong></span> <span class='ocrx_word' id='word_1_102' title='bbox 1585 793 1652 836; x_wconf 73' lang='lat' dir='ltr'><strong>fu-</strong></span> 
     </span>
     <span class='ocr_line' id='line_1_16' title="bbox 139 853 1658 911; baseline 0 -16"><span class='ocrx_word' id='word_1_103' title='bbox 139 853 214 906; x_wconf 86' lang='lat' dir='ltr'><strong>ria,</strong></span> <span class='ocrx_word' id='word_1_104' title='bbox 245 855 295 896; x_wconf 90' lang='lat' dir='ltr'><strong>de</strong></span> <span class='ocrx_word' id='word_1_105' title='bbox 324 865 396 897; x_wconf 86' lang='lat' dir='ltr'><strong>tuo</strong></span> <span class='ocrx_word' id='word_1_106' title='bbox 424 854 579 896; x_wconf 79' lang='lat' dir='ltr'><strong>dicere:</strong></span> <span class='ocrx_word' id='word_1_107' title='bbox 631 854 746 911; x_wconf 89' lang='lat' dir='ltr'><strong>cujus</strong></span> <span class='ocrx_word' id='word_1_108' title='bbox 786 854 864 897; x_wconf 85' lang='lat' dir='ltr'><strong>fuit</strong></span> <span class='ocrx_word' id='word_1_109' title='bbox 900 855 1064 896; x_wconf 88' lang='lat' dir='ltr'><strong>initium</strong></span> <span class='ocrx_word' id='word_1_110' title='bbox 1103 854 1188 896; x_wconf 84' lang='lat' dir='ltr'><strong>ludi</strong></span> <span class='ocrx_word' id='word_1_111' title='bbox 1225 853 1516 911; x_wconf 84' lang='lat' dir='ltr'><strong>Compitalitii‚</strong></span> <span class='ocrx_word' id='word_1_112' title='bbox 1561 860 1658 896; x_wconf 59' lang='lat' dir='ltr'><strong>tum&gt;</strong></span> 
     </span>
     <span class='ocr_line' id='line_1_17' title="bbox 141 910 1652 967; baseline -0.002 -14"><span class='ocrx_word' id='word_1_113' title='bbox 141 912 326 967; x_wconf 76' lang='lat' dir='ltr'><strong>primum</strong></span> <span class='ocrx_word' id='word_1_114' title='bbox 346 910 440 953; x_wconf 81' lang='lat' dir='ltr'><strong>sacti</strong></span> <span class='ocrx_word' id='word_1_115' title='bbox 462 921 552 967; x_wconf 90' lang='lat' dir='ltr'><strong>post</strong></span> <span class='ocrx_word' id='word_1_116' title='bbox 571 913 624 955; x_wconf 88' lang='lat' dir='ltr'><strong>L.</strong></span> <span class='ocrx_word' id='word_1_117' title='bbox 648 911 869 954; x_wconf 83' lang='lat' dir='ltr'><strong>Metellum</strong></span> <span class='ocrx_word' id='word_1_118' title='bbox 889 921 928 954; x_wconf 89' lang='lat' dir='ltr'><strong>et</strong></span> <span class='ocrx_word' id='word_1_119' title='bbox 949 911 1008 955; x_wconf 77' lang='lat' dir='ltr'><strong>Q.</strong></span> <span class='ocrx_word' id='word_1_120' title='bbox 1029 911 1240 954; x_wconf 86' lang='lat' dir='ltr'><strong>Marcium</strong></span> <span class='ocrx_word' id='word_1_121' title='bbox 1262 926 1367 954; x_wconf 81' lang='lat' dir='ltr'><strong>coss.</strong></span> <span class='ocrx_word' id='word_1_122' title='bbox 1390 919 1533 954; x_wconf 82' lang='lat' dir='ltr'><strong>contra</strong></span> <span class='ocrx_word' id='word_1_123' title='bbox 1551 924 1652 952; x_wconf 81' lang='lat' dir='ltr'><strong>auc-</strong></span> 
     </span>
     <span class='ocr_line' id='line_1_18' title="bbox 140 965 1664 1027; baseline -0.001 -18"><span class='ocrx_word' id='word_1_124' title='bbox 140 969 345 1012; x_wconf 87' lang='lat' dir='ltr'><strong>toritatem</strong></span> <span class='ocrx_word' id='word_1_125' title='bbox 365 969 487 1027; x_wconf 84' lang='lat' dir='ltr'><strong>hujus</strong></span> <span class='ocrx_word' id='word_1_126' title='bbox 505 968 685 1011; x_wconf 86' lang='lat' dir='ltr'><strong>ordinis:</strong></span> <span class='ocrx_word' id='word_1_127' title='bbox 719 984 823 1026; x_wconf 85' lang='lat' dir='ltr'><strong>quos</strong></span> <span class='ocrx_word' id='word_1_128' title='bbox 858 970 918 1013; x_wconf 81' lang='lat' dir='ltr'><strong>O..</strong></span> <span class='ocrx_word' id='word_1_129' title='bbox 950 968 1157 1011; x_wconf 39' lang='lat' dir='ltr'><strong>Metellus«</strong></span> <span class='ocrx_word' id='word_1_130' title='bbox 1182 968 1307 1024; x_wconf 85' lang='lat' dir='ltr'><strong>(facio</strong></span> <span class='ocrx_word' id='word_1_131' title='bbox 1342 968 1533 1026; x_wconf 85' lang='lat' dir='ltr'><strong>injuriam</strong></span> <span class='ocrx_word' id='word_1_132' title='bbox 1569 965 1664 1008; x_wconf 17' lang='lat' dir='ltr'><strong>for-i</strong></span> 
     </span>
     <span class='ocr_line' id='line_1_19' title="bbox 99 1024 1662 1084; baseline -0.001 -18"><span class='ocrx_word' id='word_1_133' title='bbox 99 1031 123 1065; x_wconf 78' lang='grc'><em>5</em></span> <span class='ocrx_word' id='word_1_134' title='bbox 145 1025 302 1068; x_wconf 85' lang='lat' dir='ltr'><strong>tissimo</strong></span> <span class='ocrx_word' id='word_1_135' title='bbox 322 1026 408 1068; x_wconf 87' lang='lat' dir='ltr'><strong>viro</strong></span> <span class='ocrx_word' id='word_1_136' title='bbox 428 1037 608 1078; x_wconf 86' lang='lat' dir='ltr'><strong>mortuo,</strong></span> <span class='ocrx_word' id='word_1_137' title='bbox 628 1026 700 1084; x_wconf 89' lang='lat' dir='ltr'><strong>qui</strong></span> <span class='ocrx_word' id='word_1_138' title='bbox 730 1026 865 1077; x_wconf 87' lang='lat' dir='ltr'><strong>illum,</strong></span> <span class='ocrx_word' id='word_1_139' title='bbox 901 1025 1018 1083; x_wconf 86' lang='lat' dir='ltr'><strong>cujus</strong></span> <span class='ocrx_word' id='word_1_140' title='bbox 1054 1040 1205 1081; x_wconf 87' lang='lat' dir='ltr'><strong>paucos</strong></span> <span class='ocrx_word' id='word_1_141' title='bbox 1238 1040 1351 1082; x_wconf 84' lang='lat' dir='ltr'><strong>pares</strong></span> <span class='ocrx_word' id='word_1_142' title='bbox 1388 1027 1482 1068; x_wconf 83' lang='lat' dir='ltr'><strong>haec</strong></span> <span class='ocrx_word' id='word_1_143' title='bbox 1513 1024 1662 1067; x_wconf 81' lang='lat' dir='ltr'><strong>civitas-</strong></span> 
     </span>
    </p>
   </div>
   <div class='ocr_carea' id='block_1_14' title="bbox 144 1082 1185 1140">
    <p class='ocr_par' dir='ltr' id='par_1_14' title="bbox 144 1082 1185 1140">
     <span class='ocr_line' id='line_1_20' title="bbox 144 1082 1185 1140; baseline 0.001 -17"><span class='ocrx_word' id='word_1_144' title='bbox 144 1082 252 1136; x_wconf 86' lang='lat' dir='ltr'><strong>tulit,</strong></span> <span class='ocrx_word' id='word_1_145' title='bbox 274 1099 371 1126; x_wconf 89' lang='lat' dir='ltr'><strong>cum</strong></span> <span class='ocrx_word' id='word_1_146' title='bbox 401 1084 481 1126; x_wconf 66' lang='lat' dir='ltr'><strong>hac</strong></span> <span class='ocrx_word' id='word_1_147' title='bbox 519 1084 753 1140; x_wconf 67' lang='lat' dir='ltr'><strong>importuna</strong></span> <span class='ocrx_word' id='word_1_148' title='bbox 784 1083 922 1126; x_wconf 67' lang='lat' dir='ltr'><strong>bellua</strong></span> <span class='ocrx_word' id='word_1_149' title='bbox 958 1083 1185 1137; x_wconf 80' lang='lat' dir='ltr'><strong>conferam)</strong></span> 
     </span>
    </p>
   </div>
   <div class='ocr_carea' id='block_1_15' title="bbox 1228 1082 1665 1139">
    <p class='ocr_par' dir='ltr' id='par_1_15' title="bbox 1228 1082 1665 1139">
     <span class='ocr_line' id='line_1_21' title="bbox 1228 1082 1665 1139; baseline -0.005 -14"><span class='ocrx_word' id='word_1_150' title='bbox 1228 1085 1294 1126; x_wconf 89' lang='lat' dir='ltr'><strong>sed</strong></span> <span class='ocrx_word' id='word_1_151' title='bbox 1329 1083 1397 1125; x_wconf 87' lang='lat' dir='ltr'><strong>ille</strong></span> <span class='ocrx_word' id='word_1_152' title='bbox 1424 1082 1665 1139; x_wconf 63' lang='lat' dir='ltr'><strong>designatus</strong></span> 
     </span>
    </p>
   </div>
   <div class='ocr_carea' id='block_1_16' title="bbox 144 1138 1665 1311">
    <p class='ocr_par' dir='ltr' id='par_1_16' title="bbox 144 1138 1665 1311">
     <span class='ocr_line' id='line_1_22' title="bbox 144 1138 1665 1197; baseline -0.001 -16"><span class='ocrx_word' id='word_1_153' title='bbox 144 1140 305 1193; x_wconf 85' lang='lat' dir='ltr'><strong>consul,</strong></span> <span class='ocrx_word' id='word_1_154' title='bbox 327 1143 425 1183; x_wconf 80' lang='lat' dir='ltr'><strong>cum</strong></span> <span class='ocrx_word' id='word_1_155' title='bbox 446 1141 613 1197; x_wconf 90' lang='lat' dir='ltr'><strong>quidam</strong></span> <span class='ocrx_word' id='word_1_156' title='bbox 645 1140 969 1197; x_wconf 86' lang='lat' dir='ltr'><strong>tribunus-pleb.</strong></span> <span class='ocrx_word' id='word_1_157' title='bbox 999 1155 1074 1182; x_wconf 86' lang='lat' dir='ltr'><strong>suo</strong></span> <span class='ocrx_word' id='word_1_158' title='bbox 1107 1139 1260 1182; x_wconf 84' lang='lat' dir='ltr'><strong>auxilio</strong></span> <span class='ocrx_word' id='word_1_159' title='bbox 1294 1140 1510 1197; x_wconf 85' lang='lat' dir='ltr'><strong>magistros</strong></span> <span class='ocrx_word' id='word_1_160' title='bbox 1539 1138 1665 1180; x_wconf 73' lang='lat' dir='ltr'><strong>ludos</strong></span> 
     </span>
     <span class='ocr_line' id='line_1_23' title="bbox 145 1194 1664 1255; baseline -0.001 -18"><span class='ocrx_word' id='word_1_161' title='bbox 145 1209 286 1240; x_wconf 87' lang='lat' dir='ltr'><strong>contra</strong></span> <span class='ocrx_word' id='word_1_162' title='bbox 324 1197 725 1241; x_wconf 75' lang='lat' dir='ltr'><strong>senatusconsultum</strong></span> <span class='ocrx_word' id='word_1_163' title='bbox 762 1198 893 1241; x_wconf 84' lang='lat' dir='ltr'><strong>facere</strong></span> <span class='ocrx_word' id='word_1_164' title='bbox 922 1195 1127 1255; x_wconf 85' lang='lat' dir='ltr'><strong>jussisset,</strong></span> <span class='ocrx_word' id='word_1_165' title='bbox 1164 1197 1342 1254; x_wconf 86' lang='lat' dir='ltr'><strong>privatus</strong></span> <span class='ocrx_word' id='word_1_166' title='bbox 1377 1197 1463 1240; x_wconf 80' lang='lat' dir='ltr'><strong>fieri</strong></span> <span class='ocrx_word' id='word_1_167' title='bbox 1500 1194 1664 1240; x_wconf 77' lang='lat' dir='ltr'><strong>vetuit:v</strong></span> 
     </span>
     <span class='ocr_line' id='line_1_24' title="bbox 147 1254 1664 1311; baseline -0.001 -15"><span class='ocrx_word' id='word_1_168' title='bbox 147 1264 267 1311; x_wconf 86' lang='lat' dir='ltr'><strong>atque</strong></span> <span class='ocrx_word' id='word_1_169' title='bbox 305 1254 363 1307; x_wconf 89' lang='lat' dir='ltr'><strong>id,</strong></span> <span class='ocrx_word' id='word_1_170' title='bbox 402 1256 513 1311; x_wconf 86' lang='lat' dir='ltr'><strong>quod</strong></span> <span class='ocrx_word' id='word_1_171' title='bbox 542 1255 730 1297; x_wconf 87' lang='lat' dir='ltr'><strong>nondum</strong></span> <span class='ocrx_word' id='word_1_172' title='bbox 760 1265 956 1311; x_wconf 82' lang='lat' dir='ltr'><strong>potestate</strong></span> <span class='ocrx_word' id='word_1_173' title='bbox 986 1265 1156 1311; x_wconf 85' lang='lat' dir='ltr'><strong>poterat,</strong></span> <span class='ocrx_word' id='word_1_174' title='bbox 1186 1254 1366 1297; x_wconf 78' lang='lat' dir='ltr'><strong>obtinuit</strong></span> <span class='ocrx_word' id='word_1_175' title='bbox 1405 1255 1664 1298; x_wconf 53' lang='lat' dir='ltr'><strong>auctoritate-</strong></span> 
     </span>
    </p>
   </div>
   <div class='ocr_carea' id='block_1_17' title="bbox 77 1309 1658 1368">
    <p class='ocr_par' dir='ltr' id='par_1_17' title="bbox 77 1309 1658 1368">
     <span class='ocr_line' id='line_1_25' title="bbox 77 1309 1658 1368; baseline 0.002 -16"><span class='ocrx_word' id='word_1_176' title='bbox 77 1316 128 1350; x_wconf 88' lang='grc'><strong>10</strong></span> <span class='ocrx_word' id='word_1_177' title='bbox 146 1312 227 1363; x_wconf 88' lang='lat' dir='ltr'><strong>Tu,</strong></span> <span class='ocrx_word' id='word_1_178' title='bbox 260 1314 360 1354; x_wconf 77' lang='lat' dir='ltr'><strong>cum</strong></span> <span class='ocrx_word' id='word_1_179' title='bbox 402 1313 446 1354; x_wconf 88' lang='lat' dir='ltr'><strong>in</strong></span> <span class='ocrx_word' id='word_1_180' title='bbox 493 1313 574 1354; x_wconf 94' lang='lat' dir='ltr'>III.</span> <span class='ocrx_word' id='word_1_181' title='bbox 615 1312 702 1354; x_wconf 86' lang='lat' dir='ltr'><strong>Kal.</strong></span> <span class='ocrx_word' id='word_1_182' title='bbox 734 1312 825 1354; x_wconf 88' lang='lat' dir='ltr'><strong>Jan.</strong></span> <span class='ocrx_word' id='word_1_183' title='bbox 859 1309 1240 1368; x_wconf 83' lang='lat' dir='ltr'><strong>Compitalitiorum</strong></span> <span class='ocrx_word' id='word_1_184' title='bbox 1269 1312 1357 1354; x_wconf 83' lang='lat' dir='ltr'><strong>dies</strong></span> <span class='ocrx_word' id='word_1_185' title='bbox 1401 1312 1658 1361; x_wconf 83' lang='lat' dir='ltr'><strong>incidissent,</strong></span> 
     </span>
    </p>
   </div>
   <div class='ocr_carea' id='block_1_18' title="bbox 146 1368 1660 1426">
    <p class='ocr_par' dir='ltr' id='par_1_18' title="bbox 146 1368 1660 1426">
     <span class='ocr_line' id='line_1_26' title="bbox 146 1368 1660 1426; baseline 0.001 -16"><span class='ocrx_word' id='word_1_186' title='bbox 146 1369 241 1411; x_wconf 87' lang='lat' dir='ltr'><strong>Sex.</strong></span> <span class='ocrx_word' id='word_1_187' title='bbox 273 1369 487 1421; x_wconf 89' lang='lat' dir='ltr'><strong>Clodium,</strong></span> <span class='ocrx_word' id='word_1_188' title='bbox 529 1368 599 1426; x_wconf 89' lang='lat' dir='ltr'><strong>qui</strong></span> <span class='ocrx_word' id='word_1_189' title='bbox 646 1384 861 1426; x_wconf 86' lang='lat' dir='ltr'><strong>nunquam</strong></span> <span class='ocrx_word' id='word_1_190' title='bbox 905 1370 1026 1411; x_wconf 76' lang='lat' dir='ltr'><strong>antea.</strong></span> <span class='ocrx_word' id='word_1_191' title='bbox 1066 1378 1323 1425; x_wconf 67' lang='lat' dir='ltr'><strong>praetextatus</strong></span> <span class='ocrx_word' id='word_1_192' title='bbox 1353 1368 1509 1422; x_wconf 85' lang='lat' dir='ltr'><strong>fuisset,</strong></span> <span class='ocrx_word' id='word_1_193' title='bbox 1540 1370 1660 1412; x_wconf 84' lang='lat' dir='ltr'><strong>ludos</strong></span> 
     </span>
    </p>
   </div>
   <div class='ocr_carea' id='block_1_19' title="bbox 146 1424 888 1482">
    <p class='ocr_par' dir='ltr' id='par_1_19' title="bbox 146 1424 888 1482">
     <span class='ocr_line' id='line_1_27' title="bbox 146 1424 888 1482; baseline 0 -15"><span class='ocrx_word' id='word_1_194' title='bbox 146 1424 292 1478; x_wconf 86' lang='lat' dir='ltr'><strong>facere,</strong></span> <span class='ocrx_word' id='word_1_195' title='bbox 330 1436 370 1467; x_wconf 86' lang='lat' dir='ltr'><strong>et</strong></span> <span class='ocrx_word' id='word_1_196' title='bbox 406 1436 693 1482; x_wconf 73' lang='lat' dir='ltr'><strong>praetextatum</strong></span> <span class='ocrx_word' id='word_1_197' title='bbox 723 1427 888 1469; x_wconf 87' lang='lat' dir='ltr'><strong>volitare</strong></span> 
     </span>
    </p>
   </div>
   <div class='ocr_carea' id='block_1_20' title="bbox 929 1426 1659 1482">
    <p class='ocr_par' dir='ltr' id='par_1_20' title="bbox 929 1426 1659 1482">
     <span class='ocr_line' id='line_1_28' title="bbox 929 1426 1659 1482; baseline 0.001 -14"><span class='ocrx_word' id='word_1_198' title='bbox 929 1440 1069 1482; x_wconf 88' lang='lat' dir='ltr'><strong>passus</strong></span> <span class='ocrx_word' id='word_1_199' title='bbox 1098 1441 1157 1478; x_wconf 85' lang='lat' dir='ltr'><strong>eS,</strong></span> <span class='ocrx_word' id='word_1_200' title='bbox 1187 1427 1402 1468; x_wconf 88' lang='lat' dir='ltr'><strong>hominem</strong></span> <span class='ocrx_word' id='word_1_201' title='bbox 1430 1426 1659 1482; x_wconf 82' lang='lat' dir='ltr'><strong>impurum,</strong></span> 
     </span>
    </p>
   </div>
   <div class='ocr_carea' id='block_1_21' title="bbox 148 1482 1657 1541">
    <p class='ocr_par' dir='ltr' id='par_1_21' title="bbox 148 1482 1657 1541">
     <span class='ocr_line' id='line_1_29' title="bbox 148 1482 1657 1541; baseline 0.003 -17"><span class='ocrx_word' id='word_1_202' title='bbox 148 1493 268 1538; x_wconf 89' lang='lat' dir='ltr'><strong>atque</strong></span> <span class='ocrx_word' id='word_1_203' title='bbox 313 1498 401 1526; x_wconf 86' lang='lat' dir='ltr'><strong>non</strong></span> <span class='ocrx_word' id='word_1_204' title='bbox 439 1483 566 1526; x_wconf 79' lang='lat' dir='ltr'><strong>modo</strong></span> <span class='ocrx_word' id='word_1_205' title='bbox 611 1482 729 1537; x_wconf 86' lang='lat' dir='ltr'><strong>facie,</strong></span> <span class='ocrx_word' id='word_1_206' title='bbox 778 1484 848 1526; x_wconf 84' lang='lat' dir='ltr'><strong>sed</strong></span> <span class='ocrx_word' id='word_1_207' title='bbox 892 1484 1015 1526; x_wconf 89' lang='lat' dir='ltr'><strong>etiam</strong></span> <span class='ocrx_word' id='word_1_208' title='bbox 1063 1483 1185 1525; x_wconf 84' lang='lat' dir='ltr'><strong>oculo</strong></span> <span class='ocrx_word' id='word_1_209' title='bbox 1229 1492 1302 1525; x_wconf 87' lang='lat' dir='ltr'><strong>tuo</strong></span> <span class='ocrx_word' id='word_1_210' title='bbox 1347 1483 1657 1541; x_wconf 78' lang='lat' dir='ltr'><strong>dignissimum.</strong></span> 
     </span>
    </p>
   </div>
   <div class='ocr_carea' id='block_1_22' title="bbox 145 1666 886 2852">
    <p class='ocr_par' dir='ltr' id='par_1_22' title="bbox 146 1666 883 1885">
     <span class='ocr_line' id='line_1_30' title="bbox 190 1666 881 1710; baseline 0.003 -12"><span class='ocrx_word' id='word_1_211' title='bbox 190 1669 242 1698; x_wconf 76' lang='lat'><strong>45.</strong></span> <span class='ocrx_word' id='word_1_212' title='bbox 267 1667 396 1698; x_wconf 67' lang='lat' dir='ltr'><strong>szztns</strong></span> <span class='ocrx_word' id='word_1_213' title='bbox 411 1669 496 1710; x_wconf 61' lang='lat' dir='ltr'><strong>ipsa]</strong></span> <span class='ocrx_word' id='word_1_214' title='bbox 514 1668 639 1700; x_wconf 80' lang='lat' dir='ltr'><strong>Audito</strong></span> <span class='ocrx_word' id='word_1_215' title='bbox 655 1666 816 1699; x_wconf 80' lang='lat' dir='ltr'><strong>Ciceronis</strong></span> <span class='ocrx_word' id='word_1_216' title='bbox 829 1668 881 1710; x_wconf 85' lang='lat' dir='ltr'><strong>ju-</strong></span> 
     </span>
     <span class='ocr_line' id='line_1_31' title="bbox 147 1711 882 1755; baseline 0.001 -13"><span class='ocrx_word' id='word_1_217' title='bbox 147 1718 303 1749; x_wconf 84' lang='lat' dir='ltr'><strong>ramento,</strong></span> <span class='ocrx_word' id='word_1_218' title='bbox 317 1722 380 1754; x_wconf 92' lang='lat' dir='ltr'><strong>quo</strong></span> <span class='ocrx_word' id='word_1_219' title='bbox 397 1723 432 1745; x_wconf 85' lang='lat' dir='ltr'><strong>se</strong></span> <span class='ocrx_word' id='word_1_220' title='bbox 443 1711 535 1755; x_wconf 77' lang='lat' dir='ltr'><strong>leges</strong></span> <span class='ocrx_word' id='word_1_221' title='bbox 543 1720 574 1744; x_wconf 88' lang='lat' dir='ltr'><strong>et</strong></span> <span class='ocrx_word' id='word_1_222' title='bbox 590 1712 752 1755; x_wconf 85' lang='lat' dir='ltr'><strong>Rempub.</strong></span> <span class='ocrx_word' id='word_1_223' title='bbox 775 1720 882 1743; x_wconf 77' lang='lat' dir='ltr'><strong>serva-</strong></span> 
     </span>
     <span class='ocr_line' id='line_1_32' title="bbox 146 1754 883 1799; baseline 0.004 -14"><span class='ocrx_word' id='word_1_224' title='bbox 146 1754 226 1787; x_wconf 82' lang='lat' dir='ltr'><strong>visse</strong></span> <span class='ocrx_word' id='word_1_225' title='bbox 250 1756 437 1794; x_wconf 81' lang='lat' dir='ltr'><strong>testabatur,</strong></span> <span class='ocrx_word' id='word_1_226' title='bbox 461 1756 597 1799; x_wconf 87' lang='lat' dir='ltr'><strong>populus</strong></span> <span class='ocrx_word' id='word_1_227' title='bbox 611 1756 749 1788; x_wconf 86' lang='lat' dir='ltr'><strong>vicissim</strong></span> <span class='ocrx_word' id='word_1_228' title='bbox 764 1756 883 1797; x_wconf 86' lang='lat' dir='ltr'><strong>juravit</strong></span> 
     </span>
     <span class='ocr_line' id='line_1_33' title="bbox 147 1797 882 1843; baseline 0.003 -13"><span class='ocrx_word' id='word_1_229' title='bbox 147 1797 193 1829; x_wconf 70' lang='lat' dir='ltr'><strong>ita</strong></span> <span class='ocrx_word' id='word_1_230' title='bbox 206 1809 283 1836; x_wconf 85' lang='lat' dir='ltr'><strong>esse,</strong></span> <span class='ocrx_word' id='word_1_231' title='bbox 297 1807 329 1830; x_wconf 86' lang='lat' dir='ltr'><strong>et</strong></span> <span class='ocrx_word' id='word_1_232' title='bbox 343 1799 429 1831; x_wconf 88' lang='lat' dir='ltr'><strong>illius</strong></span> <span class='ocrx_word' id='word_1_233' title='bbox 449 1802 544 1843; x_wconf 72' lang='lat' dir='ltr'><strong>opera</strong></span> <span class='ocrx_word' id='word_1_234' title='bbox 559 1807 773 1832; x_wconf 77' lang='lat' dir='ltr'><strong>conservatam</strong></span> <span class='ocrx_word' id='word_1_235' title='bbox 786 1800 882 1832; x_wconf 70' lang='lat' dir='ltr'><strong>{uisse</strong></span> 
     </span>
     <span class='ocr_line' id='line_1_34' title="bbox 151 1843 312 1885; baseline 0.006 -12"><span class='ocrx_word' id='word_1_236' title='bbox 151 1843 312 1885; x_wconf 87' lang='lat' dir='ltr'><strong>Rernpub.</strong></span> 
     </span>
    </p>

    <p class='ocr_par' dir='ltr' id='par_1_23' title="bbox 145 1886 882 2181">
     <span class='ocr_line' id='line_1_35' title="bbox 191 1886 882 1931; baseline 0.006 -16"><span class='ocrx_word' id='word_1_237' title='bbox 191 1887 244 1917; x_wconf 79' lang='lat'><strong>47.</strong></span> <span class='ocrx_word' id='word_1_238' title='bbox 260 1887 290 1917; x_wconf 87' lang='lat' dir='ltr'><em>E</em></span> <span class='ocrx_word' id='word_1_239' title='bbox 295 1888 366 1924; x_wconf 81' lang='lat' dir='ltr'><strong>soro</strong></span> <span class='ocrx_word' id='word_1_240' title='bbox 386 1886 519 1925; x_wconf 64' lang='lat' dir='ltr'><strong>reditus]</strong></span> <span class='ocrx_word' id='word_1_241' title='bbox 538 1888 626 1931; x_wconf 78' lang='lat' dir='ltr'><strong>Saepe</strong></span> <span class='ocrx_word' id='word_1_242' title='bbox 647 1887 776 1919; x_wconf 81' lang='lat' dir='ltr'><strong>honoris</strong></span> <span class='ocrx_word' id='word_1_243' title='bbox 791 1890 882 1919; x_wconf 67' lang='lat' dir='ltr'><strong>causa</strong></span> 
     </span>
     <span class='ocr_line' id='line_1_36' title="bbox 148 1928 881 1974; baseline 0.005 -15"><span class='ocrx_word' id='word_1_244' title='bbox 148 1928 235 1960; x_wconf 77' lang='lat' dir='ltr'><strong>viros</strong></span> <span class='ocrx_word' id='word_1_245' title='bbox 250 1931 413 1973; x_wconf 68' lang='lat' dir='ltr'><strong>Principes</strong></span> <span class='ocrx_word' id='word_1_246' title='bbox 428 1939 459 1962; x_wconf 85' lang='lat' dir='ltr'><strong>et</strong></span> <span class='ocrx_word' id='word_1_247' title='bbox 469 1930 549 1962; x_wconf 76' lang='lat' dir='ltr'><strong>bene</strong></span> <span class='ocrx_word' id='word_1_248' title='bbox 561 1932 689 1964; x_wconf 84' lang='lat' dir='ltr'><strong>meritos</strong></span> <span class='ocrx_word' id='word_1_249' title='bbox 700 1932 738 1963; x_wconf 88' lang='lat' dir='ltr'><strong>de</strong></span> <span class='ocrx_word' id='word_1_250' title='bbox 749 1931 881 1974; x_wconf 86' lang='lat' dir='ltr'><strong>Repub-</strong></span> 
     </span>
     <span class='ocr_line' id='line_1_37' title="bbox 147 1973 881 2016; baseline 0.001 -11"><span class='ocrx_word' id='word_1_251' title='bbox 147 1973 210 2005; x_wconf 76' lang='lat' dir='ltr'><strong>lica</strong></span> <span class='ocrx_word' id='word_1_252' title='bbox 224 1973 360 2016; x_wconf 85' lang='lat' dir='ltr'><strong>populus</strong></span> <span class='ocrx_word' id='word_1_253' title='bbox 375 1975 541 2007; x_wconf 83' lang='lat' dir='ltr'><strong>redeuntes</strong></span> <span class='ocrx_word' id='word_1_254' title='bbox 556 1978 571 2006; x_wconf 77' lang='grc' dir='ltr'><strong>ὲ</strong></span> <span class='ocrx_word' id='word_1_255' title='bbox 591 1975 662 2007; x_wconf 74' lang='lat' dir='ltr'><strong>foro</strong></span> <span class='ocrx_word' id='word_1_256' title='bbox 686 1975 736 2007; x_wconf 77' lang='lat' dir='ltr'><strong>vel</strong></span> <span class='ocrx_word' id='word_1_257' title='bbox 762 1977 881 2007; x_wconf 87' lang='lat' dir='ltr'><strong>Senatu</strong></span> 
     </span>
     <span class='ocr_line' id='line_1_38' title="bbox 146 2017 880 2058; baseline 0.005 -11"><span class='ocrx_word' id='word_1_258' title='bbox 146 2017 280 2048; x_wconf 82' lang='lat' dir='ltr'><strong>domum</strong></span> <span class='ocrx_word' id='word_1_259' title='bbox 317 2018 527 2058; x_wconf 85' lang='lat' dir='ltr'><strong>deducebant,</strong></span> <span class='ocrx_word' id='word_1_260' title='bbox 563 2027 595 2051; x_wconf 89' lang='lat' dir='ltr'><strong>et</strong></span> <span class='ocrx_word' id='word_1_261' title='bbox 625 2018 880 2058; x_wconf 84' lang='lat' dir='ltr'><strong>comitabantur3</strong></span> 
     </span>
     <span class='ocr_line' id='line_1_39' title="bbox 150 2061 881 2106; baseline 0.004 -15"><span class='ocrx_word' id='word_1_262' title='bbox 150 2061 236 2103; x_wconf 85' lang='lat' dir='ltr'><strong>quod</strong></span> <span class='ocrx_word' id='word_1_263' title='bbox 247 2062 555 2104; x_wconf 71' lang='lat' dir='ltr'><strong>praecipueCiceroni</strong></span> <span class='ocrx_word' id='word_1_264' title='bbox 567 2064 714 2106; x_wconf 86' lang='lat' dir='ltr'><strong>contigit,</strong></span> <span class='ocrx_word' id='word_1_265' title='bbox 723 2064 793 2095; x_wconf 69' lang='lat' dir='ltr'><strong>cum</strong></span> <span class='ocrx_word' id='word_1_266' title='bbox 806 2074 881 2095; x_wconf 84' lang='lat' dir='ltr'><strong>con-</strong></span> 
     </span>
     <span class='ocr_line' id='line_1_40' title="bbox 145 2104 880 2147; baseline 0.004 -11"><span class='ocrx_word' id='word_1_267' title='bbox 145 2104 271 2146; x_wconf 79' lang='lat' dir='ltr'><strong>juratos</strong></span> <span class='ocrx_word' id='word_1_268' title='bbox 291 2105 382 2147; x_wconf 83' lang='lat' dir='ltr'><strong>jussit</strong></span> <span class='ocrx_word' id='word_1_269' title='bbox 398 2106 430 2137; x_wconf 89' lang='lat' dir='ltr'><strong>in</strong></span> <span class='ocrx_word' id='word_1_270' title='bbox 449 2117 569 2139; x_wconf 84' lang='lat' dir='ltr'><strong>carcere</strong></span> <span class='ocrx_word' id='word_1_271' title='bbox 585 2107 748 2140; x_wconf 84' lang='lat' dir='ltr'><strong>trucidari.</strong></span> <span class='ocrx_word' id='word_1_272' title='bbox 793 2107 880 2139; x_wconf 81' lang='lat' dir='ltr'><strong>Vide</strong></span> 
     </span>
     <span class='ocr_line' id='line_1_41' title="bbox 151 2147 477 2181; baseline 0.003 -1"><span class='ocrx_word' id='word_1_273' title='bbox 151 2147 271 2181; x_wconf 80' lang='lat' dir='ltr'><strong>Plutar.</strong></span> <span class='ocrx_word' id='word_1_274' title='bbox 287 2149 319 2180; x_wconf 88' lang='lat' dir='ltr'><strong>in</strong></span> <span class='ocrx_word' id='word_1_275' title='bbox 333 2149 397 2181; x_wconf 73' lang='lat' dir='ltr'><strong>vita</strong></span> <span class='ocrx_word' id='word_1_276' title='bbox 412 2149 477 2181; x_wconf 89' lang='lat' dir='ltr'><strong>Cic.</strong></span> 
     </span>
    </p>

    <p class='ocr_par' dir='ltr' id='par_1_24' title="bbox 148 2194 885 2323">
     <span class='ocr_line' id='line_1_42' title="bbox 192 2194 881 2238; baseline 0.004 -14"><span class='ocrx_word' id='word_1_277' title='bbox 192 2194 244 2224; x_wconf 77' lang='lat'><strong>48.</strong></span> <span class='ocrx_word' id='word_1_278' title='bbox 262 2194 360 2234; x_wconf 74' lang='lat' dir='ltr'><strong>Atque</strong></span> <span class='ocrx_word' id='word_1_279' title='bbox 373 2194 417 2224; x_wconf 77' lang='lat' dir='ltr'><strong>ita</strong></span> <span class='ocrx_word' id='word_1_280' title='bbox 439 2194 505 2233; x_wconf 84' lang='lat' dir='ltr'><strong>est.]</strong></span> <span class='ocrx_word' id='word_1_281' title='bbox 531 2196 663 2227; x_wconf 85' lang='lat' dir='ltr'><strong>Brevem</strong></span> <span class='ocrx_word' id='word_1_282' title='bbox 687 2195 777 2237; x_wconf 84' lang='lat' dir='ltr'><strong>quasi</strong></span> <span class='ocrx_word' id='word_1_283' title='bbox 799 2196 881 2238; x_wconf 86' lang='lat' dir='ltr'><strong>gesti</strong></span> 
     </span>
     <span class='ocr_line' id='line_1_43' title="bbox 150 2236 885 2281; baseline 0.007 -14"><span class='ocrx_word' id='word_1_284' title='bbox 150 2236 197 2268; x_wconf 83' lang='lat' dir='ltr'><strong>sui</strong></span> <span class='ocrx_word' id='word_1_285' title='bbox 213 2236 401 2269; x_wconf 68' lang='lat' dir='ltr'><strong>Consulatus</strong></span> <span class='ocrx_word' id='word_1_286' title='bbox 410 2238 573 2281; x_wconf 86' lang='lat' dir='ltr'><strong>epilogum</strong></span> <span class='ocrx_word' id='word_1_287' title='bbox 585 2238 725 2280; x_wconf 79' lang='lat' dir='ltr'><strong>subjicit,</strong></span> <span class='ocrx_word' id='word_1_288' title='bbox 735 2239 773 2271; x_wconf 87' lang='lat' dir='ltr'><strong>ad</strong></span> <span class='ocrx_word' id='word_1_289' title='bbox 787 2239 885 2272; x_wconf 83' lang='lat' dir='ltr'><strong>aliam</strong></span> 
     </span>
     <span class='ocr_line' id='line_1_44' title="bbox 148 2281 485 2323; baseline 0.006 -13"><span class='ocrx_word' id='word_1_290' title='bbox 148 2287 273 2323; x_wconf 80' lang='lat' dir='ltr'><strong>partem</strong></span> <span class='ocrx_word' id='word_1_291' title='bbox 287 2281 485 2313; x_wconf 85' lang='lat' dir='ltr'><strong>transiturus.</strong></span> 
     </span>
    </p>

    <p class='ocr_par' dir='ltr' id='par_1_25' title="bbox 150 2325 885 2670">
     <span class='ocr_line' id='line_1_45' title="bbox 198 2325 885 2368; baseline 0.006 -14"><span class='ocrx_word' id='word_1_292' title='bbox 198 2328 226 2356; x_wconf 89' lang='lat'><strong>1.</strong></span> <span class='ocrx_word' id='word_1_293' title='bbox 240 2325 326 2355; x_wconf 76' lang='lat' dir='ltr'><strong>Ande</strong></span> <span class='ocrx_word' id='word_1_294' title='bbox 340 2325 440 2368; x_wconf 60' lang='lat' dir='ltr'><strong>numu]</strong></span> <span class='ocrx_word' id='word_1_295' title='bbox 456 2327 529 2368; x_wconf 87' lang='lat' dir='ltr'><strong>Jam</strong></span> <span class='ocrx_word' id='word_1_296' title='bbox 551 2326 740 2368; x_wconf 82' lang='lat' dir='ltr'><strong>aggreditur</strong></span> <span class='ocrx_word' id='word_1_297' title='bbox 761 2326 802 2358; x_wconf 88' lang='lat' dir='ltr'><strong>de</strong></span> <span class='ocrx_word' id='word_1_298' title='bbox 828 2327 885 2358; x_wconf 77' lang='lat' dir='ltr'><strong>Pi·</strong></span> 
     </span>
     <span class='ocr_line' id='line_1_46' title="bbox 150 2367 882 2412; baseline 0.001 -11"><span class='ocrx_word' id='word_1_299' title='bbox 150 2369 234 2401; x_wconf 80' lang='lat' dir='ltr'><strong>sonis</strong></span> <span class='ocrx_word' id='word_1_300' title='bbox 247 2367 420 2400; x_wconf 84' lang='lat' dir='ltr'><strong>Consulatu</strong></span> <span class='ocrx_word' id='word_1_301' title='bbox 430 2370 545 2406; x_wconf 86' lang='lat' dir='ltr'><strong>dicere,</strong></span> <span class='ocrx_word' id='word_1_302' title='bbox 557 2371 645 2411; x_wconf 88' lang='lat' dir='ltr'><strong>cujus</strong></span> <span class='ocrx_word' id='word_1_303' title='bbox 657 2370 882 2412; x_wconf 78' lang='lat' dir='ltr'><strong>indignitatem</strong></span> 
     </span>
     <span class='ocr_line' id='line_1_47' title="bbox 150 2411 883 2456; baseline 0.003 -12"><span class='ocrx_word' id='word_1_304' title='bbox 150 2411 289 2444; x_wconf 86' lang='lat' dir='ltr'><strong>ostendit</strong></span> <span class='ocrx_word' id='word_1_305' title='bbox 316 2412 349 2444; x_wconf 87' lang='lat' dir='ltr'><strong>in</strong></span> <span class='ocrx_word' id='word_1_306' title='bbox 379 2413 463 2445; x_wconf 89' lang='lat' dir='ltr'><strong>hunc</strong></span> <span class='ocrx_word' id='word_1_307' title='bbox 488 2413 619 2446; x_wconf 87' lang='lat' dir='ltr'><strong>modum</strong></span> <span class='ocrx_word' id='word_1_308' title='bbox 633 2425 639 2442; x_wconf 89' lang='lat'>:</span> <span class='ocrx_word' id='word_1_309' title='bbox 677 2414 817 2456; x_wconf 82' lang='lat' dir='ltr'><strong>pertinet</strong></span> <span class='ocrx_word' id='word_1_310' title='bbox 842 2414 883 2446; x_wconf 86' lang='lat' dir='ltr'><strong>ad</strong></span> 
     </span>
     <span class='ocr_line' id='line_1_48' title="bbox 150 2456 882 2496; baseline 0.004 -10"><span class='ocrx_word' id='word_1_311' title='bbox 150 2456 320 2487; x_wconf 71' lang='lat' dir='ltr'><strong>Consulem</strong></span> <span class='ocrx_word' id='word_1_312' title='bbox 348 2457 623 2489; x_wconf 82' lang='lat' dir='ltr'><strong>Senatusconsulta</strong></span> <span class='ocrx_word' id='word_1_313' title='bbox 645 2458 741 2496; x_wconf 86' lang='lat' dir='ltr'><strong>tueri,</strong></span> <span class='ocrx_word' id='word_1_314' title='bbox 757 2466 790 2488; x_wconf 87' lang='lat' dir='ltr'><strong>at</strong></span> <span class='ocrx_word' id='word_1_315' title='bbox 805 2468 882 2489; x_wconf 85' lang='lat' dir='ltr'><strong>cou-</strong></span> 
     </span>
     <span class='ocr_line' id='line_1_49' title="bbox 151 2500 884 2543; baseline 0.001 -11"><span class='ocrx_word' id='word_1_316' title='bbox 151 2503 200 2532; x_wconf 71' lang='lat' dir='ltr'><strong>tra</strong></span> <span class='ocrx_word' id='word_1_317' title='bbox 217 2500 290 2531; x_wconf 85' lang='lat' dir='ltr'><strong>Piso</strong></span> <span class='ocrx_word' id='word_1_318' title='bbox 305 2500 396 2532; x_wconf 85' lang='lat' dir='ltr'><strong>ludos</strong></span> <span class='ocrx_word' id='word_1_319' title='bbox 410 2500 493 2539; x_wconf 83' lang='lat' dir='ltr'><strong>fieri,</strong></span> <span class='ocrx_word' id='word_1_320' title='bbox 513 2501 597 2543; x_wconf 82' lang='lat' dir='ltr'><strong>leges</strong></span> <span class='ocrx_word' id='word_1_321' title='bbox 613 2501 758 2540; x_wconf 83' lang='lat' dir='ltr'><strong>convelli,</strong></span> <span class='ocrx_word' id='word_1_322' title='bbox 774 2509 806 2533; x_wconf 86' lang='lat' dir='ltr'><strong>et</strong></span> <span class='ocrx_word' id='word_1_323' title='bbox 820 2502 884 2533; x_wconf 80' lang='lat' dir='ltr'><strong>alia</strong></span> 
     </span>
     <span class='ocr_line' id='line_1_50' title="bbox 152 2544 883 2587; baseline 0.004 -13"><span class='ocrx_word' id='word_1_324' title='bbox 152 2544 307 2584; x_wconf 75' lang='lat' dir='ltr'><strong>ejusmodi</strong></span> <span class='ocrx_word' id='word_1_325' title='bbox 322 2555 428 2587; x_wconf 84' lang='lat' dir='ltr'><strong>passus</strong></span> <span class='ocrx_word' id='word_1_326' title='bbox 440 2553 486 2577; x_wconf 86' lang='lat' dir='ltr'><strong>est</strong></span> <span class='ocrx_word' id='word_1_327' title='bbox 499 2556 506 2574; x_wconf 71' lang='grc' dir='ltr'><strong><em>τ</em></strong></span> <span class='ocrx_word' id='word_1_328' title='bbox 530 2545 686 2577; x_wconf 86' lang='lat' dir='ltr'><strong>Metellus</strong></span> <span class='ocrx_word' id='word_1_329' title='bbox 701 2545 883 2587; x_wconf 83' lang='lat' dir='ltr'><strong>designatus</strong></span> 
     </span>
     <span class='ocr_line' id='line_1_51' title="bbox 152 2586 884 2631; baseline 0.005 -15"><span class='ocrx_word' id='word_1_330' title='bbox 152 2586 269 2619; x_wconf 64' lang='lat' dir='ltr'><strong>Consul</strong></span> <span class='ocrx_word' id='word_1_331' title='bbox 279 2587 418 2620; x_wconf 82' lang='lat' dir='ltr'><strong>obtinuit</strong></span> <span class='ocrx_word' id='word_1_332' title='bbox 433 2586 476 2621; x_wconf 79' lang='lat' dir='ltr'><strong>ne‘</strong></span> <span class='ocrx_word' id='word_1_333' title='bbox 489 2589 555 2621; x_wconf 85' lang='lat' dir='ltr'><strong>ludi</strong></span> <span class='ocrx_word' id='word_1_334' title='bbox 567 2596 796 2631; x_wconf 79' lang='lat' dir='ltr'><strong>spectarentur,</strong></span> <span class='ocrx_word' id='word_1_335' title='bbox 808 2599 884 2621; x_wconf 87' lang='lat' dir='ltr'><strong>con-</strong></span> 
     </span>
     <span class='ocr_line' id='line_1_52' title="bbox 152 2631 588 2670; baseline 0.009 -10"><span class='ocrx_word' id='word_1_336' title='bbox 152 2633 202 2661; x_wconf 72' lang='lat' dir='ltr'><strong>tra</strong></span> <span class='ocrx_word' id='word_1_337' title='bbox 219 2631 292 2663; x_wconf 89' lang='lat' dir='ltr'><strong>Piso</strong></span> <span class='ocrx_word' id='word_1_338' title='bbox 308 2632 416 2664; x_wconf 74' lang='lat' dir='ltr'><strong>consul</strong></span> <span class='ocrx_word' id='word_1_339' title='bbox 432 2633 518 2670; x_wconf 82' lang='lat' dir='ltr'><strong>fecit,</strong></span> <span class='ocrx_word' id='word_1_340' title='bbox 531 2634 588 2664; x_wconf 68' lang='grc' dir='ltr'><strong>ἃς.</strong></span> 
     </span>
    </p>

    <p class='ocr_par' dir='ltr' id='par_1_26' title="bbox 150 2674 886 2852">
     <span class='ocr_line' id='line_1_53' title="bbox 196 2674 882 2719; baseline 0.007 -16"><span class='ocrx_word' id='word_1_341' title='bbox 196 2675 225 2704; x_wconf 79' lang='lat'><strong>2.</strong></span> <span class='ocrx_word' id='word_1_342' title='bbox 237 2674 318 2707; x_wconf 67' lang='lat' dir='ltr'><strong>Ludi</strong></span> <span class='ocrx_word' id='word_1_343' title='bbox 333 2675 549 2718; x_wconf 74' lang='lat' dir='ltr'><strong>Compitalieii.]</strong></span> <span class='ocrx_word' id='word_1_344' title='bbox 571 2675 657 2708; x_wconf 80' lang='lat' dir='ltr'><strong>Ludi</strong></span> <span class='ocrx_word' id='word_1_345' title='bbox 672 2675 882 2719; x_wconf 64' lang='lat' dir='ltr'><strong>compitalicii</strong></span> 
     </span>
     <span class='ocr_line' id='line_1_54' title="bbox 152 2716 884 2763; baseline 0.004 -15"><span class='ocrx_word' id='word_1_346' title='bbox 152 2716 229 2748; x_wconf 75' lang='lat' dir='ltr'><strong>dicti</strong></span> <span class='ocrx_word' id='word_1_347' title='bbox 241 2727 312 2750; x_wconf 85' lang='lat' dir='ltr'><strong>sunt</strong></span> <span class='ocrx_word' id='word_1_348' title='bbox 325 2722 342 2749; x_wconf 71' lang='lat' dir='ltr'><strong>a</strong></span> <span class='ocrx_word' id='word_1_349' title='bbox 351 2721 509 2763; x_wconf 76' lang='lat' dir='ltr'><strong>compitis,</strong></span> <span class='ocrx_word' id='word_1_350' title='bbox 523 2719 577 2752; x_wconf 86' lang='lat' dir='ltr'><strong>ubi</strong></span> <span class='ocrx_word' id='word_1_351' title='bbox 589 2720 623 2752; x_wconf 84' lang='lat' dir='ltr'><strong>in</strong></span> <span class='ocrx_word' id='word_1_352' title='bbox 633 2720 764 2752; x_wconf 84' lang='lat' dir='ltr'><strong>Larium</strong></span> <span class='ocrx_word' id='word_1_353' title='bbox 780 2720 884 2751; x_wconf 87' lang='lat' dir='ltr'><strong>hono—</strong></span> 
     </span>
     <span class='ocr_line' id='line_1_55' title="bbox 151 2761 886 2803; baseline 0.005 -12"><span class='ocrx_word' id='word_1_354' title='bbox 151 2771 219 2792; x_wconf 82' lang='lat' dir='ltr'><strong>rem</strong></span> <span class='ocrx_word' id='word_1_355' title='bbox 234 2761 492 2803; x_wconf 74' lang='lat' dir='ltr'><strong>celebrabantur5</strong></span> <span class='ocrx_word' id='word_1_356' title='bbox 515 2764 622 2796; x_wconf 88' lang='lat' dir='ltr'><strong>nullus</strong></span> <span class='ocrx_word' id='word_1_357' title='bbox 636 2764 766 2796; x_wconf 64' lang='lat' dir='ltr'><strong>eisdies</strong></span> <span class='ocrx_word' id='word_1_358' title='bbox 778 2772 886 2796; x_wconf 71' lang='lat' dir='ltr'><strong>certus</strong></span> 
     </span>
     <span class='ocr_line' id='line_1_56' title="bbox 150 2803 884 2852; baseline 0.005 -16"><span class='ocrx_word' id='word_1_359' title='bbox 150 2803 324 2848; x_wconf 68' lang='lat' dir='ltr'><strong>praefinitus</strong></span> <span class='ocrx_word' id='word_1_360' title='bbox 345 2815 425 2848; x_wconf 78' lang='lat' dir='ltr'><strong>erat,</strong></span> <span class='ocrx_word' id='word_1_361' title='bbox 442 2809 496 2844; x_wconf 78' lang='lat' dir='ltr'><strong>sed</strong></span> <span class='ocrx_word' id='word_1_362' title='bbox 511 2818 575 2841; x_wconf 86' lang='lat' dir='ltr'><strong>non</strong></span> <span class='ocrx_word' id='word_1_363' title='bbox 591 2807 686 2852; x_wconf 71' lang='lat' dir='ltr'><strong>longe</strong></span> <span class='ocrx_word' id='word_1_364' title='bbox 701 2811 719 2839; x_wconf 69' lang='lat' dir='ltr'><strong>a</strong></span> <span class='ocrx_word' id='word_1_365' title='bbox 733 2809 884 2842; x_wconf 85' lang='lat' dir='ltr'><strong>Saturna-</strong></span> 
     </span>
    </p>
   </div>
   <div class='ocr_carea' id='block_1_23' title="bbox 923 1666 1670 2843">
    <p class='ocr_par' dir='ltr' id='par_1_27' title="bbox 924 1666 1668 1831">
     <span class='ocr_line' id='line_1_57' title="bbox 925 1666 1661 1708; baseline -0.001 -9"><span class='ocrx_word' id='word_1_366' title='bbox 925 1667 1009 1699; x_wconf 82' lang='lat' dir='ltr'><strong>libus</strong></span> <span class='ocrx_word' id='word_1_367' title='bbox 1033 1666 1128 1699; x_wconf 81' lang='lat' dir='ltr'><strong>fuisse</strong></span> <span class='ocrx_word' id='word_1_368' title='bbox 1151 1666 1326 1699; x_wconf 83' lang='lat' dir='ltr'><strong>celebratos</strong></span> <span class='ocrx_word' id='word_1_369' title='bbox 1353 1666 1528 1708; x_wconf 69' lang='lat' dir='ltr'><strong>Dionysius</strong></span> <span class='ocrx_word' id='word_1_370' title='bbox 1553 1666 1608 1699; x_wconf 77' lang='lat' dir='ltr'><strong>lib.</strong></span> <span class='ocrx_word' id='word_1_371' title='bbox 1630 1668 1661 1701; x_wconf 78' lang='lat'><strong>4.</strong></span> 
     </span>
     <span class='ocr_line' id='line_1_58' title="bbox 925 1709 1664 1751; baseline -0.001 -8"><span class='ocrx_word' id='word_1_372' title='bbox 925 1719 1070 1743; x_wconf 85' lang='lat' dir='ltr'><strong>testatur.</strong></span> <span class='ocrx_word' id='word_1_373' title='bbox 1116 1711 1163 1742; x_wconf 88' lang='lat' dir='ltr'><strong>Hi</strong></span> <span class='ocrx_word' id='word_1_374' title='bbox 1179 1711 1320 1751; x_wconf 76' lang='lat' dir='ltr'><strong>primum</strong></span> <span class='ocrx_word' id='word_1_375' title='bbox 1335 1713 1352 1739; x_wconf 73' lang='grc' dir='ltr'>ὲ</span> <span class='ocrx_word' id='word_1_376' title='bbox 1367 1712 1476 1742; x_wconf 78' lang='lat' dir='ltr'><strong>servio</strong></span> <span class='ocrx_word' id='word_1_377' title='bbox 1487 1709 1664 1742; x_wconf 69' lang='lat' dir='ltr'><strong>Tullioin-⁴</strong></span> 
     </span>
     <span class='ocr_line' id='line_1_59' title="bbox 925 1754 1668 1798; baseline 0.001 -11"><span class='ocrx_word' id='word_1_378' title='bbox 925 1756 1031 1787; x_wconf 83' lang='lat' dir='ltr'><strong>stituti</strong></span> <span class='ocrx_word' id='word_1_379' title='bbox 1045 1762 1131 1794; x_wconf 87' lang='lat' dir='ltr'><strong>sunt,</strong></span> <span class='ocrx_word' id='word_1_380' title='bbox 1154 1755 1209 1787; x_wconf 83' lang='lat' dir='ltr'><strong>sed</strong></span> <span class='ocrx_word' id='word_1_381' title='bbox 1233 1754 1365 1787; x_wconf 77' lang='lat' dir='ltr'><strong>sublatis</strong></span> <span class='ocrx_word' id='word_1_382' title='bbox 1380 1754 1523 1798; x_wconf 77' lang='lat' dir='ltr'><strong>cossegiis</strong></span> <span class='ocrx_word' id='word_1_383' title='bbox 1547 1754 1668 1788; x_wconf 75' lang='lat' dir='ltr'><strong>aboliti»</strong></span> 
     </span>
     <span class='ocr_line' id='line_1_60' title="bbox 924 1807 1565 1831; baseline -0.003 0"><span class='ocrx_word' id='word_1_384' title='bbox 924 1807 1008 1831; x_wconf 83' lang='lat' dir='ltr'><strong>sunt.</strong></span> <span class='ocrx_word' id='word_1_385' title='bbox 1560 1816 1565 1819; x_wconf 22' lang='grc' dir='ltr'>κ</span> 
     </span>
    </p>

    <p class='ocr_par' dir='ltr' id='par_1_28' title="bbox 925 1841 1666 1920">
     <span class='ocr_line' id='line_1_61' title="bbox 969 1841 1666 1886; baseline 0.004 -13"><span class='ocrx_word' id='word_1_386' title='bbox 969 1845 999 1873; x_wconf 81' lang='grc'><strong>3.</strong></span> <span class='ocrx_word' id='word_1_387' title='bbox 1018 1843 1057 1874; x_wconf 93' lang='lat' dir='ltr'><strong>L.</strong></span> <span class='ocrx_word' id='word_1_388' title='bbox 1069 1842 1238 1881; x_wconf 73' lang='lat' dir='ltr'><strong>Metellum,</strong></span> <span class='ocrx_word' id='word_1_389' title='bbox 1252 1848 1280 1873; x_wconf 72' lang='lat' dir='ltr'><strong>et</strong></span> <span class='ocrx_word' id='word_1_390' title='bbox 1296 1844 1332 1875; x_wconf 71' lang='lat' dir='ltr'><strong>Q.</strong></span> <span class='ocrx_word' id='word_1_391' title='bbox 1345 1842 1392 1873; x_wconf 88' lang='lat' dir='ltr'>M</span> <span class='ocrx_word' id='word_1_392' title='bbox 1388 1841 1523 1886; x_wconf 63' lang='lat' dir='ltr'><strong>arehtmz]</strong></span> <span class='ocrx_word' id='word_1_393' title='bbox 1539 1842 1666 1876; x_wconf 69' lang='lat' dir='ltr'><strong>Consu-r*</strong></span> 
     </span>
     <span class='ocr_line' id='line_1_62' title="bbox 925 1886 1486 1920; baseline -0.004 0"><span class='ocrx_word' id='word_1_394' title='bbox 925 1886 970 1920; x_wconf 89' lang='lat' dir='ltr'><strong>les</strong></span> <span class='ocrx_word' id='word_1_395' title='bbox 985 1887 1110 1919; x_wconf 81' lang='lat' dir='ltr'><strong>fuerant</strong></span> <span class='ocrx_word' id='word_1_396' title='bbox 1125 1897 1240 1918; x_wconf 85' lang='lat' dir='ltr'><strong>novem</strong></span> <span class='ocrx_word' id='word_1_397' title='bbox 1255 1887 1371 1918; x_wconf 86' lang='lat' dir='ltr'><strong>abhinc</strong></span> <span class='ocrx_word' id='word_1_398' title='bbox 1386 1886 1486 1918; x_wconf 59' lang='lat' dir='ltr'><strong>annisa</strong></span> 
     </span>
    </p>

    <p class='ocr_par' dir='ltr' id='par_1_29' title="bbox 923 1930 1667 2012">
     <span class='ocr_line' id='line_1_63' title="bbox 966 1930 1662 1974; baseline 0.006 -13"><span class='ocrx_word' id='word_1_399' title='bbox 966 1932 996 1963; x_wconf 83' lang='lat'><strong>7.</strong></span> <span class='ocrx_word' id='word_1_400' title='bbox 1029 1932 1158 1963; x_wconf 64' lang='lat' dir='ltr'><strong>Quidum</strong></span> <span class='ocrx_word' id='word_1_401' title='bbox 1187 1931 1348 1974; x_wconf 52' lang='lat' dir='ltr'><strong>tribunum]</strong></span> <span class='ocrx_word' id='word_1_402' title='bbox 1379 1930 1579 1970; x_wconf 69' lang='lat' dir='ltr'><strong>Herennius,</strong></span> <span class='ocrx_word' id='word_1_403' title='bbox 1610 1932 1662 1965; x_wconf 77' lang='lat' dir='ltr'><strong>vel</strong></span> 
     </span>
     <span class='ocr_line' id='line_1_64' title="bbox 923 1975 1667 2012; baseline -0.001 -5"><span class='ocrx_word' id='word_1_404' title='bbox 923 1975 1119 2007; x_wconf 85' lang='lat' dir='ltr'><strong>Mummius.</strong></span> <span class='ocrx_word' id='word_1_405' title='bbox 1479 2010 1481 2012; x_wconf 55' lang='grc'><strong>,</strong></span> <span class='ocrx_word' id='word_1_406' title='bbox 1664 1985 1667 1988; x_wconf 92' lang='grc'><em>·</em></span> 
     </span>
    </p>

    <p class='ocr_par' dir='ltr' id='par_1_30' title="bbox 923 2017 1670 2281">
     <span class='ocr_line' id='line_1_65' title="bbox 968 2017 1670 2062; baseline 0.003 -11"><span class='ocrx_word' id='word_1_407' title='bbox 968 2019 1014 2051; x_wconf 79' lang='lat' dir='ltr'><strong>lb.</strong></span> <span class='ocrx_word' id='word_1_408' title='bbox 1030 2019 1199 2060; x_wconf 77' lang='lat' dir='ltr'><strong>Magistros</strong></span> <span class='ocrx_word' id='word_1_409' title='bbox 1213 2019 1321 2062; x_wconf 54' lang='lat' dir='ltr'><strong>ludossj</strong></span> <span class='ocrx_word' id='word_1_410' title='bbox 1334 2017 1438 2051; x_wconf 74' lang='lat' dir='ltr'><strong>Multi</strong></span> <span class='ocrx_word' id='word_1_411' title='bbox 1451 2019 1530 2051; x_wconf 79' lang='lat' dir='ltr'><strong>editi</strong></span> <span class='ocrx_word' id='word_1_412' title='bbox 1543 2018 1670 2053; x_wconf 54' lang='lat' dir='ltr'><strong>habena</strong></span> 
     </span>
     <span class='ocr_line' id='line_1_66' title="bbox 923 2063 1661 2105; baseline 0.001 -10"><span class='ocrx_word' id='word_1_413' title='bbox 923 2074 1047 2105; x_wconf 78' lang='lat' dir='ltr'><strong>magnos</strong></span> <span class='ocrx_word' id='word_1_414' title='bbox 1057 2076 1068 2095; x_wconf 92' lang='lat'><strong>.·</strong></span> <span class='ocrx_word' id='word_1_415' title='bbox 1092 2064 1146 2095; x_wconf 89' lang='lat' dir='ltr'><strong>sed</strong></span> <span class='ocrx_word' id='word_1_416' title='bbox 1170 2063 1297 2105; x_wconf 72' lang='lat' dir='ltr'><strong>inepte3</strong></span> <span class='ocrx_word' id='word_1_417' title='bbox 1321 2072 1395 2094; x_wconf 87' lang='lat' dir='ltr'><strong>nam</strong></span> <span class='ocrx_word' id='word_1_418' title='bbox 1424 2072 1490 2094; x_wconf 84' lang='lat' dir='ltr'><strong>non</strong></span> <span class='ocrx_word' id='word_1_419' title='bbox 1512 2063 1551 2095; x_wconf 73' lang='lat' dir='ltr'><strong>de</strong></span> <span class='ocrx_word' id='word_1_420' title='bbox 1575 2063 1661 2096; x_wconf 77' lang='lat' dir='ltr'><strong>ludis</strong></span> 
     </span>
     <span class='ocr_line' id='line_1_67' title="bbox 924 2104 1668 2151; baseline -0.003 -12"><span class='ocrx_word' id='word_1_421' title='bbox 924 2107 1062 2150; x_wconf 86' lang='lat' dir='ltr'><strong>Magnis,</strong></span> <span class='ocrx_word' id='word_1_422' title='bbox 1078 2107 1132 2138; x_wconf 88' lang='lat' dir='ltr'><strong>sed</strong></span> <span class='ocrx_word' id='word_1_423' title='bbox 1147 2106 1377 2149; x_wconf 72' lang='lat' dir='ltr'><strong>Compitaliciis</strong></span> <span class='ocrx_word' id='word_1_424' title='bbox 1385 2104 1440 2138; x_wconf 68' lang='lat' dir='ltr'><strong>hic</strong></span> <span class='ocrx_word' id='word_1_425' title='bbox 1453 2106 1580 2148; x_wconf 52' lang='lat' dir='ltr'><strong>aginam</strong></span> <span class='ocrx_word' id='word_1_426' title='bbox 1601 2114 1668 2151; x_wconf 63' lang='lat' dir='ltr'><strong>pu*</strong></span> 
     </span>
     <span class='ocr_line' id='line_1_68' title="bbox 923 2150 1665 2194; baseline 0.001 -12"><span class='ocrx_word' id='word_1_427' title='bbox 923 2152 1096 2194; x_wconf 73' lang='lat' dir='ltr'><strong>Magistros</strong></span> <span class='ocrx_word' id='word_1_428' title='bbox 1110 2150 1263 2193; x_wconf 86' lang='lat' dir='ltr'><strong>intelligit</strong></span> <span class='ocrx_word' id='word_1_429' title='bbox 1278 2151 1414 2182; x_wconf 49' lang='lat' dir='ltr'><strong>vicorum*</strong></span> <span class='ocrx_word' id='word_1_430' title='bbox 1422 2151 1589 2191; x_wconf 69' lang='lat' dir='ltr'><strong>magistros,</strong></span> <span class='ocrx_word' id='word_1_431' title='bbox 1602 2151 1665 2194; x_wconf 72' lang='lat' dir='ltr'><strong>qui³</strong></span> 
     </span>
     <span class='ocr_line' id='line_1_69' title="bbox 923 2192 1668 2238; baseline 0 -10"><span class='ocrx_word' id='word_1_432' title='bbox 923 2195 1012 2228; x_wconf 87' lang='lat' dir='ltr'><strong>ludos</strong></span> <span class='ocrx_word' id='word_1_433' title='bbox 1019 2192 1254 2237; x_wconf 82' lang='lat' dir='ltr'><strong>Compitalitios</strong></span> <span class='ocrx_word' id='word_1_434' title='bbox 1262 2193 1366 2226; x_wconf 79' lang='lat' dir='ltr'><strong>facere</strong></span> <span class='ocrx_word' id='word_1_435' title='bbox 1374 2193 1668 2238; x_wconf 55' lang='lat' dir='ltr'><strong>solebantpraetew</strong></span> 
     </span>
     <span class='ocr_line' id='line_1_70' title="bbox 927 2237 1356 2281; baseline -0.007 -10"><span class='ocrx_word' id='word_1_436' title='bbox 927 2240 995 2277; x_wconf 81' lang='lat' dir='ltr'><strong>tati,</strong></span> <span class='ocrx_word' id='word_1_437' title='bbox 1005 2246 1041 2270; x_wconf 86' lang='lat' dir='ltr'><strong>ut</strong></span> <span class='ocrx_word' id='word_1_438' title='bbox 1052 2250 1091 2270; x_wconf 86' lang='lat' dir='ltr'><strong>ex</strong></span> <span class='ocrx_word' id='word_1_439' title='bbox 1106 2239 1231 2269; x_wconf 76' lang='lat' dir='ltr'><strong>Asconio</strong></span> <span class='ocrx_word' id='word_1_440' title='bbox 1245 2237 1356 2281; x_wconf 78' lang='lat' dir='ltr'><strong>liquet.</strong></span> 
     </span>
    </p>

    <p class='ocr_par' dir='ltr' id='par_1_31' title="bbox 928 2281 1667 2369">
     <span class='ocr_line' id='line_1_71' title="bbox 971 2281 1667 2324; baseline 0.003 -11"><span class='ocrx_word' id='word_1_441' title='bbox 971 2285 1000 2315; x_wconf 87' lang='lat' dir='ltr'><strong>S.</strong></span> <span class='ocrx_word' id='word_1_442' title='bbox 1017 2282 1184 2322; x_wconf 59' lang='lat' dir='ltr'><strong>Privatus]</strong></span> <span class='ocrx_word' id='word_1_443' title='bbox 1198 2282 1392 2324; x_wconf 69' lang='lat' dir='ltr'><strong>Designatus</strong></span> <span class='ocrx_word' id='word_1_444' title='bbox 1400 2281 1531 2324; x_wconf 77' lang='lat' dir='ltr'><strong>quidem</strong></span> <span class='ocrx_word' id='word_1_445' title='bbox 1543 2281 1667 2315; x_wconf 69' lang='lat' dir='ltr'><strong>consui</strong></span> 
     </span>
     <span class='ocr_line' id='line_1_72' title="bbox 928 2326 1467 2369; baseline -0.004 -11"><span class='ocrx_word' id='word_1_446' title='bbox 928 2334 1007 2365; x_wconf 89' lang='lat' dir='ltr'><strong>erat,</strong></span> <span class='ocrx_word' id='word_1_447' title='bbox 1021 2328 1074 2358; x_wconf 82' lang='lat' dir='ltr'><strong>sed</strong></span> <span class='ocrx_word' id='word_1_448' title='bbox 1090 2334 1166 2358; x_wconf 87' lang='lat' dir='ltr'><strong>tunc</strong></span> <span class='ocrx_word' id='word_1_449' title='bbox 1182 2328 1300 2358; x_wconf 75' lang='lat' dir='ltr'><strong>tantum</strong></span> <span class='ocrx_word' id='word_1_450' title='bbox 1313 2326 1467 2369; x_wconf 80' lang='lat' dir='ltr'><strong>privatus.</strong></span> 
     </span>
    </p>

    <p class='ocr_par' dir='ltr' id='par_1_32' title="bbox 924 2370 1665 2457">
     <span class='ocr_line' id='line_1_73' title="bbox 969 2370 1665 2414; baseline 0.003 -14"><span class='ocrx_word' id='word_1_451' title='bbox 969 2372 999 2401; x_wconf 90' lang='lat'><strong>9.</strong></span> <span class='ocrx_word' id='word_1_452' title='bbox 1021 2372 1171 2402; x_wconf 78' lang='lat' dir='ltr'><strong>Potestace</strong></span> <span class='ocrx_word' id='word_1_453' title='bbox 1193 2371 1335 2411; x_wconf 56' lang='lat' dir='ltr'><strong>poteram]</strong></span> <span class='ocrx_word' id='word_1_454' title='bbox 1367 2371 1511 2402; x_wconf 82' lang='lat' dir='ltr'><strong>Potestas</strong></span> <span class='ocrx_word' id='word_1_455' title='bbox 1531 2370 1665 2414; x_wconf 67' lang='lat' dir='ltr'><strong>respicit</strong></span> 
     </span>
     <span class='ocr_line' id='line_1_74' title="bbox 924 2413 1584 2457; baseline 0 -11"><span class='ocrx_word' id='word_1_456' title='bbox 924 2414 1160 2457; x_wconf 83' lang='lat' dir='ltr'><strong>magistratum,</strong></span> <span class='ocrx_word' id='word_1_457' title='bbox 1175 2421 1207 2446; x_wconf 81' lang='lat' dir='ltr'><strong>et</strong></span> <span class='ocrx_word' id='word_1_458' title='bbox 1222 2413 1392 2446; x_wconf 80' lang='lat' dir='ltr'><strong>auctoritas</strong></span> <span class='ocrx_word' id='word_1_459' title='bbox 1408 2423 1584 2456; x_wconf 78' lang='lat' dir='ltr'><strong>personam.</strong></span> 
     </span>
    </p>

    <p class='ocr_par' dir='ltr' id='par_1_33' title="bbox 925 2455 1668 2710">
     <span class='ocr_line' id='line_1_75' title="bbox 969 2455 1666 2500; baseline 0.003 -12"><span class='ocrx_word' id='word_1_460' title='bbox 969 2459 1019 2490; x_wconf 86' lang='lat'><strong>10.</strong></span> <span class='ocrx_word' id='word_1_461' title='bbox 1026 2459 1100 2490; x_wconf 80' lang='lat' dir='ltr'><strong>Kal.</strong></span> <span class='ocrx_word' id='word_1_462' title='bbox 1110 2458 1137 2489; x_wconf 92' lang='lat' dir='ltr'><em>J</em></span> <span class='ocrx_word' id='word_1_463' title='bbox 1136 2457 1460 2500; x_wconf 55' lang='lat' dir='ltr'><strong>anldiesjincidissena]</strong></span> <span class='ocrx_word' id='word_1_464' title='bbox 1475 2455 1666 2490; x_wconf 74' lang='lat' dir='ltr'><strong>Paucisdie-</strong></span> 
     </span>
     <span class='ocr_line' id='line_1_76' title="bbox 925 2501 1662 2545; baseline 0.001 -12"><span class='ocrx_word' id='word_1_465' title='bbox 925 2501 986 2533; x_wconf 84' lang='lat' dir='ltr'><strong>bus</strong></span> <span class='ocrx_word' id='word_1_466' title='bbox 1001 2512 1072 2545; x_wconf 75' lang='lat' dir='ltr'><strong>post</strong></span> <span class='ocrx_word' id='word_1_467' title='bbox 1093 2502 1283 2540; x_wconf 80' lang='lat' dir='ltr'><strong>Saturnalia,</strong></span> <span class='ocrx_word' id='word_1_468' title='bbox 1297 2510 1366 2544; x_wconf 77' lang='lat' dir='ltr'><strong>quae</strong></span> <span class='ocrx_word' id='word_1_469' title='bbox 1381 2501 1556 2535; x_wconf 83' lang='lat' dir='ltr'><strong>Decembri</strong></span> <span class='ocrx_word' id='word_1_470' title='bbox 1569 2509 1662 2534; x_wconf 76' lang='lat' dir='ltr'><strong>men‘·</strong></span> 
     </span>
     <span class='ocr_line' id='line_1_77' title="bbox 927 2545 1663 2582; baseline 0.001 -5"><span class='ocrx_word' id='word_1_471' title='bbox 927 2556 959 2577; x_wconf 78' lang='lat' dir='ltr'><strong>se</strong></span> <span class='ocrx_word' id='word_1_472' title='bbox 974 2545 1225 2582; x_wconf 79' lang='lat' dir='ltr'><strong>celebrabantur,</strong></span> <span class='ocrx_word' id='word_1_473' title='bbox 1243 2545 1402 2578; x_wconf 81' lang='lat' dir='ltr'><strong>incidebat</strong></span> <span class='ocrx_word' id='word_1_474' title='bbox 1419 2546 1479 2578; x_wconf 82' lang='lat' dir='ltr'><strong>iste</strong></span> <span class='ocrx_word' id='word_1_475' title='bbox 1499 2545 1663 2578; x_wconf 71' lang='lat' dir='ltr'><strong>dieucum-</strong></span> 
     </span>
     <span class='ocr_line' id='line_1_78' title="bbox 927 2588 1668 2633; baseline 0.001 -13"><span class='ocrx_word' id='word_1_476' title='bbox 927 2590 1149 2632; x_wconf 83' lang='lat' dir='ltr'><strong>pitalitiorum.</strong></span> <span class='ocrx_word' id='word_1_477' title='bbox 1195 2589 1519 2633; x_wconf 39' lang='lat' dir='ltr'><strong>Compitalibusvvero</strong></span> <span class='ocrx_word' id='word_1_478' title='bbox 1534 2588 1668 2632; x_wconf 66' lang='lat' dir='ltr'><strong>publice</strong></span> 
     </span>
     <span class='ocr_line' id='line_1_79' title="bbox 927 2631 1663 2672; baseline 0.004 -9"><span class='ocrx_word' id='word_1_479' title='bbox 927 2634 1008 2665; x_wconf 82' lang='lat' dir='ltr'><strong>servi</strong></span> <span class='ocrx_word' id='word_1_480' title='bbox 1034 2634 1272 2672; x_wconf 81' lang='lat' dir='ltr'><strong>auctoritatem,</strong></span> <span class='ocrx_word' id='word_1_481' title='bbox 1286 2642 1318 2666; x_wconf 88' lang='lat' dir='ltr'><strong>et</strong></span> <span class='ocrx_word' id='word_1_482' title='bbox 1335 2633 1552 2666; x_wconf 63' lang='lat' dir='ltr'><strong>Saturnalibus</strong></span> <span class='ocrx_word' id='word_1_483' title='bbox 1573 2631 1663 2666; x_wconf 69' lang='lat' dir='ltr'><strong>domi</strong></span> 
     </span>
     <span class='ocr_line' id='line_1_80' title="bbox 925 2677 1331 2710; baseline 0 -2"><span class='ocrx_word' id='word_1_484' title='bbox 925 2678 1148 2710; x_wconf 83' lang='lat' dir='ltr'><strong>auctoritatem</strong></span> <span class='ocrx_word' id='word_1_485' title='bbox 1162 2677 1331 2710; x_wconf 81' lang='lat' dir='ltr'><strong>habebant.</strong></span> 
     </span>
    </p>

    <p class='ocr_par' dir='ltr' id='par_1_34' title="bbox 926 2719 1668 2843">
     <span class='ocr_line' id='line_1_81' title="bbox 974 2719 1668 2762; baseline 0.001 -12"><span class='ocrx_word' id='word_1_486' title='bbox 974 2723 1022 2753; x_wconf 85' lang='lat'><strong>11.</strong></span> <span class='ocrx_word' id='word_1_487' title='bbox 1042 2723 1268 2761; x_wconf 59' lang='lat' dir='ltr'><strong>Prata-tatus]</strong></span> <span class='ocrx_word' id='word_1_488' title='bbox 1285 2723 1455 2754; x_wconf 66' lang='lat' dir='ltr'><strong>Praetextae&#39;</strong></span> <span class='ocrx_word' id='word_1_489' title='bbox 1472 2719 1668 2762; x_wconf 47' lang='lat' dir='ltr'><strong>mutemque.</strong></span> 
     </span>
     <span class='ocr_line' id='line_1_82' title="bbox 926 2763 1665 2810; baseline 0.001 -14"><span class='ocrx_word' id='word_1_490' title='bbox 926 2765 1066 2800; x_wconf 78' lang='lat' dir='ltr'><strong>habuere</strong></span> <span class='ocrx_word' id='word_1_491' title='bbox 1093 2766 1319 2810; x_wconf 75' lang='lat' dir='ltr'><strong>Magistratus,</strong></span> <span class='ocrx_word' id='word_1_492' title='bbox 1334 2773 1378 2800; x_wconf 79' lang='lat' dir='ltr'><strong>et.</strong></span> <span class='ocrx_word' id='word_1_493' title='bbox 1390 2766 1446 2810; x_wconf 79' lang='lat' dir='ltr'><strong>qui</strong></span> <span class='ocrx_word' id='word_1_494' title='bbox 1464 2763 1550 2799; x_wconf 76' lang='lat' dir='ltr'><strong>ludis</strong></span> <span class='ocrx_word' id='word_1_495' title='bbox 1561 2773 1665 2808; x_wconf 69' lang='lat' dir='ltr'><strong>praee·</strong></span> 
     </span>
     <span class='ocr_line' id='line_1_83' title="bbox 926 2817 1010 2843; baseline 0.012 -1"><span class='ocrx_word' id='word_1_496' title='bbox 926 2817 1010 2843; x_wconf 85' lang='lat' dir='ltr'><strong>rant.</strong></span> 
     </span>
    </p>
   </div>
   <div class='ocr_carea' id='block_1_24' title="bbox 1549 2851 1662 2915">
    <p class='ocr_par' dir='ltr' id='par_1_35' title="bbox 1549 2851 1662 2915">
     <span class='ocr_line' id='line_1_84' title="bbox 1549 2851 1662 2915; baseline -0.009 -22"><span class='ocrx_word' id='word_1_497' title='bbox 1549 2851 1662 2915; x_wconf 82' lang='lat' dir='ltr'><strong>Ergo</strong></span> 
     </span>
    </p>
   </div>
  </div>
 </body>
</html>
