1872 3135
442 97 670 143 ORATIO
702 99 786 142 111.
814 98 887 141 IN
918 95 972 141 L.
1007 92 1372 141 CATILINAM.
1642 102 1713 137 191

123 229 163 257 re
195 211 364 265 debetis,
393 228 538 257 omnes
572 213 768 258 Catilinae
803 211 958 268 copias,
993 224 1138 254 omnes
1168 223 1276 267 spes,
1309 219 1430 268 atque
1450 224 1564 266 opes,
1587 211 1649 254 his

107 270 300 327 'depulsis
328 270 440 314 urbis
472 270 678 327 periculis,
713 271 958 313 concidisae.
1019 270 1161 313 Quem
1195 267 1362 326 quidem
1382 283 1458 325 ego
1479 270 1578 309 cum
1601 283 1648 311 ex

121 327 221 370 urbe
241 327 458 384 pellebam,
483 331 562 371 hoc
580 330 846 386 providebam
869 327 1026 379 animo,
1064 326 1264 378 Quirites,
1300 338 1459 368 remoto
1498 325 1646 368 Catili-
1694 336 1716 368 5

120 388 190 437 nst,
210 401 284 426 nec
305 386 409 429 mihi
429 401 515 428 esse
539 389 582 429 Ρ.
609 385 774 429 Lentuli
797 401 1012 435 somnum,
1032 400 1106 426 nec
1128 385 1165 426 L
1201 383 1336 426 Cassii
1365 383 1545 440 adipem,
1571 399 1648 426 nec

122 443 176 486 C.
200 443 374 502 Cethegi
390 444 583 487 furiosam
606 445 878 487 temeritatem
898 442 1282 499 pertimescendam.
1345 439 1418 484 Ille
1437 451 1522 483 erat
1540 456 1649 484 unus.

122 499 331 543 timendus
351 517 399 544 ex
422 501 484 543 his
506 501 720 554 omnibus,
744 502 810 544 sed
829 501 1002 553 tamdiu,
1025 500 1124 542 dum
1145 498 1361 541 moenibus
1397 499 1510 541 urbis
1543 515 1647 541 con-

122 556 329 600 tinebatur
342 575 355 612 ;
388 559 531 602 omnia
577 562 721 603 norat:
754 559 948 601 oninium
998 558 1130 598 adnm
1168 555 1328 597 tenebat
1347 572 1356 598 z
1399 567 1411 581 ³¹
1428 556 1646 613 appellare,

121 626 294 668 tentare,
327 617 529 659 solicitare
564 626 733 672 poterat,
767 616 964 658 audebat:
998 625 1079 656 erat
1102 613 1138 655 ei
1158 613 1378 655 consilium
1412 615 1459 656 ad
1488 615 1648 658 facinus
1669 625 1719 658 10

122 682 292 730 aptum:
326 689 405 716 con
432 675 500 717 ilio
533 684 672 716 autem
700 689 833 730 neque
867 671 1024 728 lingua,
1048 686 1180 727 neque
1200 685 1349 712 manus
1370 671 1532 724 deerat3
1558 673 1651 730 jam

123 732 172 772 ad
196 742 361 773 caeteras
384 747 445 773 res
478 731 755 774 conficiendas
783 739 914 772 certos
950 729 1140 769 homines
1165 727 1343 769 delectos
1373 744 1420 769 ac
1441 730 1651 787 bdescrip-

123 797 186 831 tos
214 789 391 831 habebat
411 804 418 830 :
452 803 586 845 neque
610 790 704 831 vero
725 790 823 830 cum
844 786 996 844 aliquid
1016 786 1294 834 mandaverat,
1315 785 1552 829 confectum
1572 803 1651 844 pu-

123 847 258 888 tabat:
281 845 395 888 -nihil
426 856 525 896 erat,
549 847 658 902 quod
689 861 774 887 non
811 845 898 900 ipse
921 844 1070 894 obiret,
1101 853 1346 894 occurreret,
1370 843 1566 901 vigilaret,
1590 847 1650 888 la-

122 902 308 946 boraret:
342 902 483 960 frigus,
504 903 632 955 sitim,
657 901 810 945 famem
833 902 933 944 ferre
955 910 1125 958 poterat.
1188 899 1319 942 Hunc
1339 916 1414 958 ego
1436 902 1651 945 hominem
1674 913 1721 946 15

120 969 208 1006 ,tam
230 975 382 1009 acrem,
403 973 485 1002 tam
508 972 713 1016 paratum,
745 972 830 1003 tam
861 961 1076 1010 audacem,
1113 969 1196 1000 tam
1235 957 1447 1011 caxlidum,
1489 972 1572 1002 tam
1609 962 1654 1003 in

123 1017 272 1059 scelere
287 1016 543 1074 vigilantem,
563 1029 646 1061 tam
666 1019 706 1060 in
728 1017 894 1074 perditis
910 1016 1029 1060 rebus
1045 1015 1302 1074 diligentem,
1321 1016 1401 1059 nisi
1422 1031 1468 1058 ex
1485 1017 1652 1060 domes-

123 1073 216 1117 ticis
245 1074 405 1117 insidii-s
446 1075 520 1117 inc
541 1087 744 1118 castrense
771 1074 1036 1118 latrocinium
1073 1073 1370 1131 compulissem
1405 1073 1559 1131 (dicam
1594 1076 1651 1128 id,

124 1133 234 1190 quod
264 1133 410 1186 sentio,
433 1134 638 1188 Quirites)
672 1149 757 1176 non
787 1132 907 1176 facile
940 1134 1048 1174 banc
1084 1143 1240 1174 tantam
1265 1132 1278 1155 ‘¹
1306 1132 1460 1174 molem
1499 1133 1599 1175 mali
1629 1137 1655 1176 ἰι

124 1190 352 1233 cervicibus
374 1190 514 1234 vestris
548 1192 827 1250 depulissem3
860 1205 946 1233 non
982 1190 1048 1232 ille
1076 1190 1193 1232 vobis
1223 1190 1456 1232 Saturnalia
1475 1190 1651 1233 :consti-
1671 1202 1726 1236 ΩΟ

121 1247 283 1301 tuisset,
306 1264 440 1307 neque
455 1251 570 1292 tauto
590 1252 684 1292 ante
701 1249 892 1301 exitium,
915 1264 962 1291 ac
982 1247 1054 1290 fati
1073 1247 1183 1290 diem
1206 1246 1363 1303 reipubl
1403 1248 1654 1291 denuncias-

124 1315 201 1358 set,
221 1321 355 1363 neque
394 1307 689 1359 commisisset,
709 1318 759 1349 ut
785 1307 970 1365 signum,
991 1319 1038 1348 ut
1067 1305 1194 1348 literae
1217 1321 1317 1357 suae,
1340 1315 1459 1348 testes
1480 1306 1658 1364 denique

124 1363 334 1406 manifesti
355 1364 516 1407 sceleris
536 1365 962 1422 deprehenderentur3
995 1379 1088 1421 quae
1121 1378 1250 1414 nunc,
1285 1363 1354 1405 illo
1387 1363 1570 1415 absente,
1599 1365 1658 1407 sic

125 1431 239 1478 gesta
268 1431 380 1474 sunt,
416 1434 462 1464 ut
493 1423 655 1465 nullum
688 1424 730 1465 in
768 1423 925 1481 privat-St
958 1423 1084 1464 domo
1111 1420 1268 1462 furtum
1293 1437 1477 1478 uuquam
1497 1421 1549 1463 sit
1570 1433 1656 1464 tam

123 1478 261 1534 palam
285 1478 519 1533 inventum,
541 1482 670 1537 quam
689 1483 781 1523 baec
803 1491 915 1523 tanta
936 1480 978 1522 in
999 1479 1188 1535 rempub.
1209 1478 1439 1536 conjuratio
1456 1479 1654 1522 manifes-
1673 1492 1725 1526 25

125 1538 169 1579 ῑὸ
184 1537 349 1578 inventa
366 1547 485 1593 atque
502 1539 754 1595 deprehensa
773 1550 847 1581 est.
910 1538 1036 1581 Quod
1057 1536 1088 1578 si
1109 1536 1290 1579 Catilina
1307 1537 1347 1578 iu
1363 1537 1463 1579 urbe
1483 1537 1532 1579 ad
1550 1540 1658 1580 hane

125 1593 234 1637 diem
259 1595 535 1647 remanzissess
558 1611 817 1654 quanquam,
851 1596 985 1653 quoad
1019 1593 1110 1644 fuit,
1132 1594 1330 1636 omnibns
1350 1594 1437 1650 ejus
1471 1595 1658 1638 consiliis

125 1652 286 1693 occurri
309 1662 431 1708 atque
452 1652 608 1704 obstiti,
633 1663 787 1705 tamen,
808 1664 851 1696 ut
872 1651 1078 1695 levissime
1100 1650 1252 1702 dicam,
1271 1651 1558 1696 dimicandum
1578 1669 1658 1695 no-

124 1708 190 1750 bis
211 1724 308 1751 cum
347 1709 416 1750 illo
453 1708 618 1752 fui<=et2
653 1726 785 1768 neque
805 1726 880 1753 nos
904 1725 1105 1768 unquam,
1125 1709 1224 1750 dum
1248 1708 1314 1751 ille
1342 1709 1385 1751 in
1406 1709 1505 1763 urbe
1527 1710 1658 1765 hostis

125 1764 285 1818 fuisset,
308 1767 431 1808 tantis
453 1767 644 1823 periculis
677 1768 977 1826 rempublicam
1010 1768 1125 1809 tant&
1147 1782 1263 1823 pace,
1284 1776 1400 1808 tanto
1418 1767 1523 1819 otio,
1543 1778 1658 1811 tanto
1673 1780 1731 1814 3ο

128 1823 290 1868 silentio
324 1823 627 1868 liberassemus.
690 1827 946 1883 Quanquam
970 1827 1060 1867 haec
1081 1824 1239 1877 omnia,
1262 1824 1465 1878 Quirites,
1489 1824 1545 1868 ita
1560 1836 1661 1869 suut

127 1883 153 1925 ὲ
171 1897 236 1924 me
254 1880 554 1935 administrata,
576 1894 622 1925 ut
642 1884 814 1926 deorum
832 1883 1130 1926 immortalium
1156 1893 1261 1924 nutu
1281 1892 1405 1940 atque
1431 1882 1605 1926 consilio
1619 1888 1670 1926 et'

128 1950 241 1996 gesta
261 1948 314 1990 ,ct
348 1941 508 1996 provisa
524 1955 610 1982 esse
632 1941 844 1984 videantur
863 1959 876 1995 3
908 1941 1030 2000 idque
1064 1943 1163 1982 cum
1200 1940 1439 1998 conjectura
1459 1942 1662 1999 consequi

127 2011 364 2052 possumus,
381 1997 489 2054 quod
509 1999 575 2040 vix
592 1997 749 2041 videtur
767 1999 939 2043 humani
956 1997 1119 2041 consilii
1132 2010 1337 2040 tantarum
1357 2013 1493 2041 rerum
1508 1999 1660 2056 guber-

128 2054 242 2097 natio
274 2070 361 2097 esse
382 2055 587 2113 potuisse:
621 2068 711 2100 tum
730 2060 826 2100 veri>
856 2059 911 2100 ita
931 2066 1154 2114 pra-sentes
1179 2055 1245 2097 his
1267 2055 1520 2112 temporibus
1539 2072 1662 2115 opem
1678 2068 1730 2103 35

231 2180 429 2221 'Saluiam
499 2180 729 2234 ‘’dispo-sitos.
810 2188 824 2207 c
840 2183 1005 2221 bellumet
1027 2192 1158 2221 castra.
1238 2179 1253 2205 ‘¹
1267 2181 1558 2233 magnitudinem,

135 2351 138 2355 ’
175 2341 205 2372 6.
223 2341 351 2374 Lentuli
378 2343 537 2383 somnum]
565 2343 712 2376 Adducit
740 2344 772 2375 in
797 2354 873 2376 eon·
966 2345 1016 2374 10.
1043 2343 1073 2375 T
1070 2341 1201 2385 antara]
1226 2341 1387 2375 'reueabat
1413 2351 1445 2375 et
1477 2341 1665 2384 explorabat

129 2390 290 2427 temptum
313 2387 545 2430 conjurationis
558 2389 669 2422 socios.
714 2389 765 2421 Dc
787 2389 874 2420 Len·
921 2387 1073 2423 Catilina,
1100 2387 1154 2430 qui
1183 2387 1335 2429 cujusque
1361 2396 1442 2419 esset
1457 2388 1594 2425 animus,
1614 2387 1667 2419 vel

131 2428 201 2459 tulo
213 2429 312 2472 paule,
328 2439 400 2462 anti,-
416 2432 540 2463 dictum
557 2441 614 2464 est,
920 2442 980 2474 pro
997 2431 1136 2473 Republ.
1155 2431 1205 2463 vel
1219 2440 1331 2463 contra
1349 2431 1511 2473 Rempub.

177 2472 223 2503 lb.
247 2474 342 2506 Cassia
366 2475 508 2519 adipem]
533 2478 662 2509 Cassius
688 2484 757 2509 erat
780 2477 878 2509 obeso
967 2476 1013 2507 lb.
1031 2476 1082 2506 Ad
1086 2476 1219 2514 fizcimzs.
1223 2486 1234 2516 ,1
1250 2477 1310 2508 seu
1323 2476 1457 2512 bonum,
1475 2486 1529 2507 seu
1544 2475 1668 2511 malum

131 2526 279 2558 corpore,
292 2529 328 2551 ac
346 2520 453 2552 animo
467 2520 597 2553 stolido.
921 2520 1118 2552 obeundum.

172 2561 207 2593 ²7.
227 2562 504 2604 Cetlzegisu'riosam
516 2565 741 2605 temeritatem]
757 2566 877 2599 Cethe·
965 2566 1018 2598 20,
1034 2563 1217 2595 Saturnalia
1232 2562 1454 2600 constituissem
1471 2562 1669 2594 Saturnaliu-

133 2615 193 2647 gus
216 2606 295 2637 caedi
321 2609 511 2650 praepositus
526 2608 643 2643 fuerat,
661 2618 693 2641 et
710 2610 878 2642 damnarat
921 2619 995 2641 rum
1011 2608 1124 2641 diebus
1140 2607 1254 2640 urbem
1270 2607 1453 2644 incendere,
1468 2615 1501 2640 et
1523 2607 1670 2641 occidere

133 2659 216 2691 saepe
240 2650 412 2682 sociorum.
424 2652 606 2693 ignaviam,
629 2661 663 2686 et
692 2655 879 2686 tarditatem
923 2653 1010 2685 cives
1026 2660 1191 2685 statuerat.

133 2693 174 2725 ad
190 2693 314 2726 facinus
331 2695 527 2728 obeundum.
971 2698 1023 2727 ΩΒ.
1063 2697 1104 2728 Ut
1138 2695 1282 2728 letissime*
1314 2693 1435 2738 dicam]
1471 2694 1508 2727 td
1542 2703 1600 2729 est.
1629 2705 1672 2727 ne

181 2737 225 2769 lb.
245 2739 302 2769 Ille'
313 2738 406 2782 einh]
421 2741 563 2772 Catilina
579 2742 718 2774 maxime
735 2742 883 2774 omnium
927 2740 1133 2783 gravioribus
1157 2748 1188 2771 et
1212 2739 1425 2772 atrocioribus
1447 2738 1555 2771 verbis
1577 2749 1673 2779 ιιι-ιη

133 2781 361 2816 formidandus
376 2794 456 2822 erat,
474 2792 586 2827 utpote
603 2787 658 2829 qui
675 2789 768 2818 norat
784 2787 885 2820 ratio·
928 2796 1003 2818 nam
1028 2784 1150 2818 bellum
1172 2784 1267 2816 civile
1295 2794 1370 2817 cum
1403 2783 1474 2829 ipso
1495 2785 1674 2829 gerendum

135 2836 212 2859 nem
221 2826 407 2872 alloquendi
423 2839 545 2868 omnes,
558 2837 590 2862 ct
607 2830 797 2864 solicitandi.
930 2829 1051 2865 fuisset.

1637 2879 1676 2910 et
