1872 3135
138 136 220 173 ‘248

601 135 669 177 M.
699 131 904 176 TULLII
936 131 1258 176 CICERONIS

213 247 478 298 novitiorum,
501 247 653 288 factum
674 259 758 286 esse
779 246 1016 297 consulem;
1047 260 1133 288 non
1153 246 1263 288 enim
1284 260 1359 288 nos
1388 247 1498 289 color
1528 247 1601 289 iste
1635 261 1716 288 sei·-

214 303 321 355 vilis,
351 319 434 346 non
470 303 609 358 pilosae
644 316 775 356 genae,
812 317 896 342 non
927 302 1066 343 dentes
1105 303 1254 357 putridi
1288 303 1556 359 deceperunt:
1589 302 1718 355 oculi,

174 364 197 397 5
219 360 445 416 supercilia,
477 359 603 407 frons,
640 358 776 398 vultus
805 357 980 414 denique
1017 367 1141 410 totus,
1174 359 1244 422 qui
1283 374 1415 401 sermo
1449 360 1616 417 quidam
1655 369 1717 401 ta-

220 417 324 458 citus
367 415 514 456 mentis
561 424 636 463 est,
688 413 755 454 hic
795 414 837 456 in
874 428 1048 454 errorem
1080 415 1268 456 hommes
1301 416 1492 472 impulit:
1532 417 1599 458 hic
1636 430 1721 467 eos,

218 472 367 528 quibus
415 485 500 511 cras
548 470 726 520 ignotae,
781 470 953 525 decepit,

1003 468 1161 520 fefellit,
1217 471 1260 512 in
1316 471 1496 514 fraudem
1544 472 1720 515 induxit.

221 527 342 569 Pauci
378 526 453 568 ista
491 519 791 568 tuslutulenta
819 526 917 568 vitia
946 541 1212 567 noveramus:
1252 527 1369 581 pauci
1399 530 1625 571 tarditatem
1654 529 1721 570 in-

220 584 343 640 genii,
383 593 588 638 stuporem
623 583 954 640 debilitatemque
988 581 1170 639 linguae;
1219 597 1434 640 nunquam
1468 595 1551 627 erat
1588 584 1725 627 audita

154 645 203 678 10
222 655 298 681 vox
333 639 377 680 iri
403 639 519 691 f0r03
552 654 765 696 nunquam
802 639 1026 694 periculum
1060 640 1214 681 factum
1247 639 1427 690 consilii3
1459 641 1619 683 nullum
1639 656 1726 683 non

220 696 347 739 modo
366 694 532 739 illustre.
553 696 620 737 sed
649 710 701 736 ne
730 706 874 737 notum
899 695 1062 749 quidem
1084 695 1254 747 facturn,
1273 704 1342 736 aut
1368 695 1526 737 militiae
1557 706 1627 738 aut
1650 698 1725 740 do-

220 753 304 795 mi:
338 754 354 780 ¹²
371 752 583 808 obrepsisti
605 752 654 797 ad
676 753 850 793 honores
869 766 1002 793 errore
1022 752 1257 803 hominum,
1279 752 1636 796 commendatione
1659 753 1725 795 fu-

220 824 430 852 mosarum
445 809 681 866 ,imaginum
702 824 709 848 :
742 823 914 864 quarum
945 807 1076 849 simile
1103 808 1228 849 habes
1247 808 1350 850 nihil
1371 818 1515 864 praeter
1534 809 1725 852 colorem.

223 867 266 908 Is
285 865 389 911 mihi
413 866 533 907 etiam
558 863 806 928 gloriabitur,
827 880 866 905 se
887 879 1030 905 omnes
1051 863 1308 921 magistratus
1332 865 1417 906 sine
1448 865 1607 921 repulsa.
1624 879 1731 908 asse-

155 928 203 964 15
225 924 366 964 cutum
387 924 400 963 ?
436 921 539 966 mihi
571 929 645 963 ista
665 920 758 963 licet
778 922 826 962 de
853 936 919 963 me
938 923 1032 962 vera
1050 935 1146 962 cum
1168 921 1296 978 gloria
1310 922 1526 977 praedicare
1538 939 1552 975 3
1584 937 1730 965 omnes

223 979 335 1021 enim
351 987 366 1004 ‘
382 980 555 1020 honores
583 978 758 1034 populus
778 979 990 1019 Romanus
1010 978 1114 1019 mihi
1135 978 1226 1032 ipsi,
1249 977 1409 1020 homini
1429 993 1553 1030 novo,
1569 977 1728 1023 detulit.

222 1037 337 1080 Nam
359 1046 403 1078 tu
434 1039 533 1077 cum
565 1044 743 1091 quaestor
761 1048 807 1075 es
823 1033 970 1085 factus,
990 1034 1112 1076 etiam
1143 1033 1213 1089 qui
1239 1044 1277 1075 te
1296 1050 1513 1092 nunquam
1531 1035 1728 1088 viderant,

224 1102 366 1136 tamen
395 1091 511 1135 illum
532 1092 734 1134 honorem
762 1090 923 1133 nomini
943 1092 958 1115 ‘¹
977 1090 1227 1134 mandebant
1246 1100 1331 1135 tuo.

387 1271 405 1296 ὓ
409 1272 607 1324 pervenisti
620 1271 729 1308 clam.

226 1399 262 1424 ut
279 1389 391 1423 Strabo
408 1391 464 1428 ait,
480 1390 536 1422 lib.
550 1392 579 1422 7.
595 1398 626 1422 et
641 1399 705 1432 prae
722 1388 840 1420 caeteris
858 1388 961 1421 natio-

226 1435 319 1468 nibus
334 1435 401 1466 nati
415 1434 540 1467 fuerunt
550 1435 589 1464 ad
603 1433 787 1465 servitutem
806 1432 889 1473 Syri,
903 1434 960 1476 Ju-

880 1274 897 1294 (-
914 1271 1152 1321 magistratus.

1390 1091 1541 1134 AEdilis
1573 1106 1615 1134 es
1649 1091 1732 1156 fac-

1634 1158 1728 1192 tuat

1311 1270 1325 1293 ‘¹
1336 1271 1578 1310 concedebant.

1004 1386 1139 1419 Romani
1165 1388 1341 1421 ostensione
1363 1388 1549 1431 imaginum,
1561 1397 1638 1430 quas
1662 1400 1734 1421 suo-

1005 1441 1076 1462 rum
1089 1433 1241 1475 majorum
1254 1431 1449 1464 asservabant
1461 1432 1493 1463 in
1506 1431 1621 1465 aedium
1633 1434 1735 1465 atriis:

225 1479 298 1516 daei,
308 1487 340 1510 et
357 1479 567 1521 Cappadoces,
581 1486 617 1509 ut
632 1475 709 1508 dixit
725 1479 814 1507 Orat.
833 1476 871 1506 de
886 1486 960 1518 pro·
995 1476 1132 1524 famosos
1145 1479 1214 1506 vero
1230 1475 1380 1518 appellat,
1393 1483 1448 1526 aut
1460 1475 1534 1517 quia
1546 1475 1737 1518 antiquitate

226 1522 308 1554 vinc.
321 1521 458 1553 Consul:
475 1529 600 1553 censent
612 1520 707 1561 aliqui
718 1518 771 1551 hic
788 1519 962 1551 Gabinium

227 1565 399 1608 designari,
411 1565 466 1607 qui
479 1565 576 1607 Syriae
593 1570 733 1607 pra-erat.

270 1610 301 1640 3.
323 1609 538 1648 Nanniorum]
566 1607 723 1650 Loquitur
738 1606 778 1638 de
802 1605 962 1639 venalibus

227 1652 289 1684 illis
316 1652 423 1689 servis,
439 1653 494 1695 qui
518 1660 656 1684 recentes
681 1650 822 1682 nondum
837 1660 895 1694 per
909 1660 963 1682 an·

229 1706 308 1729 num
320 1704 498 1727 servierant.

274 1739 324 1771 lb.
351 1739 438 1770 Color
459 1741 511 1771 iste
525 1739 661 1779 servilis]
686 1740 807 1770 Atrum
822 1737 962 1769 colorem

231 1782 362 1819 indicat,
379 1793 442 1824 quo
458 1783 595 1814 maxime·
611 1782 735 1813 fuerunt
753 1781 833 1822 Syri.

273 1827 303 1856 4.
328 1825 438 1865 Oculat]
499 1826 595 1858 Oculi
632 1825 720 1867 quasi
753 1824 861 1856 nuncii
893 1830 964 1855 sunt

230 1868 342 1906 animi,
357 1879 393 1901 ex
409 1869 448 1901 iis
471 1870 557 1901 enirn
577 1869 799 1907 inatus,1aetus‚
816 1875 875 1900 etc.
890 1878 966 1901 ton·

228 1913 348 1955 jicitur.

275 1957 305 1987 5.
322 1954 512 1996 Supercilia]
538 1957 562 1987 F
565 1963 664 1987 astum
677 1962 708 1986 et
721 1955 898 1997 superbiam
912 1965 964 1985 su-

229 1999 360 2042 percilia
372 1999 542 2031 denotant:
567 2011 637 2042 quae
664 1999 786 2030 deflexa
809 2006 891 2035 sunt,
909 2009 965 2028 au-

230 2050 354 2080 steros;
375 2043 501 2081 inflexa,
527 2041 689 2081 irrisores;
711 2042 846 2074 demissa
864 2041 963 2074 male-

229 2085 318 2118 volos
332 2094 480 2128 arguunt.

276 2131 306 2161 8.
328 2129 492 2162 Lutulenta
507 2128 605 2169 vitia]
630 2129 720 2161 Vitia
739 2129 881 2160 omnium
897 2136 965 2160 tur-

229 2172 359 2215 pissima
387 2173 420 2204 in
451 2173 565 2204 Pisone
593 2173 810 2214 reprehendit,
841 2172 968 2215 quibus,

231 2216 321 2258 quasi
336 2227 386 2247 sus
400 2215 480 2253 luto,
493 2216 716 2248 delectabatur.

276 2261 306 2290 9.
330 2261 440 2291 Audita
454 2259 649 2302 voa-inform]
673 2259 896 2301 stupiditatem
908 2258 967 2290 ho·

231 2302 325 2335 minis
339 2302 499 2340 describit,
513 2313 586 2344 qua
613 2311 702 2334 tanta
728 2303 801 2340 fuit,
826 2311 861 2334 ut
884 2313 967 2334 nun-

230 2357 329 2389 quam
344 2346 377 2378 in
391 2346 462 2378 foro
478 2346 603 2377 auditus
621 2345 717 2378 fuerit
743 2346 808 2378 sive
824 2345 856 2377 in
873 2357 963 2378 accu-

230 2389 341 2428 sando,
355 2390 420 2421 sive
432 2389 464 2420 in
481 2389 678 2420 defendendo
689 2400 857 2431 quoquam.

278 2434 326 2465 10.
348 2433 636 2472 Periculum-suctum
645 2432 789 2474 consilia]
815 2433 888 2464 Piso
901 2443 964 2464 non

230 2476 328 2508 mode>
341 2486 503 2518 nunquam
517 2474 619 2508 fuerat
629 2476 754 2508 auditus
769 2477 800 2506 in
816 2476 894 2514 foro,
913 2477 965 2508 sed

231 2530 272 2552 ne
302 2520 432 2562 quidem
459 2520 492 2550 in
523 2521 639 2551 Senatu
668 2517 740 2549 cum
773 2519 812 2551 de
838 2520 965 2561 Repub.

231 2563 387 2606 agebatur
401 2576 410 2600 ;
438 2562 498 2594 hae
523 2563 609 2595 enim
642 2563 752 2595 Roma:
785 2562 905 2605 duplici
930 2574 964 2595 re

231 2606 542 2645 commendabantur.

279 2651 326 2680 tl.
349 2653 412 2681 Aue
427 2650 564 2690 militem]
589 2649 722 2689 Romani
737 2649 789 2681 vel
800 2648 887 2681 domi
900 2649 964 2681 elo-

253 2693 382 2732 uendae,
392 2694 443 2725 vel
456 2693 591 2732 militia„
599 2693 693 2726 rebus
702 2693 849 2734 praeclate
858 2694 966 2736 gestiS,

228 2746 253 2778 g
265 2736 368 2767 oriam
381 2737 440 2768 sibi
455 2747 489 2768 ac
504 2747 620 2769 nomen
634 2736 800 2769 faciebant.

237 2783 241 2785 “
277 2780 324 2817 12.
357 2779 612 2813 Comnoendatione
633 2783 819 2820 fumosarum
856 2780 964 2822 imagi-

228 2821 324 2865 num-J
349 2824 444 2857 Suam
471 2823 674 2858 nobilitatem
702 2823 965 2860 commendabant

1005 1518 1216 1560 nigredinem,
1233 1528 1288 1551 aut
1318 1519 1391 1562 quia
1413 1518 1540 1561 ignibus
1570 1529 1678 1551 corani
1699 1521 1738 1552 iis

1006 1563 1140 1593 accensis
1165 1562 1333 1605 fuliginem
1363 1569 1595 1595 contraxerant,
1646 1562 1738 1597 Soliti

1006 1605 1092 1636 enim
1116 1607 1249 1637 Romani
1266 1607 1376 1638 diebus
1390 1606 1475 1638 sestis
1501 1614 1574 1638 aute
1599 1615 1649 1638 eas
1664 1607 1737 1639 thus

1006 1656 1159 1724 agerem
1173 1652 1348 1689 accendere,
1358 1660 1395 1682 ut
1405 1650 1546 1682 dicitumi
1563 1649 1694 1682 Cic.lib.
1707 1655 1736 1683 8.

1071 1703 1098 1722 C.

1051 1737 1097 1766 14.
1124 1737 1157 1767 Is
1166 1736 1237 1767 milti
1247 1738 1335 1768 etiam
1348 1736 1553 1779 gloriabitur]
1575 1736 1649 1768 Piso
1664 1747 1740 1768 con-

1008 1785 1059 1812 tra
1075 1779 1261 1811 Ciceronem
1275 1781 1393 1812 dixerat
1409 1791 1439 1811 se
1455 1791 1562 1812 omnes
1576 1781 1738 1822 magistra-

1009 1829 1059 1853 tus
1074 1823 1223 1864 adeptum
1238 1835 1321 1862 esse3
1345 1825 1398 1856 sed
1418 1823 1470 1855 isti
1488 1823 1614 1866 reponit
1629 1825 1739 1856 Cicero

1009 1865 1087 1897 hanc
1113 1867 1249 1909 gloriam
1265 1878 1329 1899 non
1344 1871 1411 1905 sun,
1432 1868 1484 1898 sed
1495 1867 1654 1910 majorum
1668 1878 1741 1900 suo-

1007 1920 1078 1940 rum
1095 1914 1185 1941 causa
1207 1911 1265 1950 illi,
1280 1918 1312 1943 at
1328 1911 1388 1943 sibi
1407 1918 1538 1954 propter
1553 1921 1584 1942 se
1603 1910 1741 1943 delatam

1008 1963 1082 1984 esse.
1623 1970 1627 1977 ι

1055 1996 1103 2026 16.
1127 1997 1223 2036 Mifii,
1239 1998 1350 2029 homini
1364 1996 1460 2036 noum]
1501 1998 1614 2030 Novus
1642 1998 1741 2030 homo

1006 2038 1133 2077 dicitur,
1147 2052 1240 2082 quem
1255 2050 1328 2073 ante
1344 2041 1483 2075 nemoyin
1498 2040 1617 2075 familia
1626 2042 1741 2084 magis-

1008 2090 1128 2116 tratum
1140 2085 1332 2123 obtinuerat,
1346 2086 1403 2117 sed.
1415 2084 1470 2126 qui
1485 2088 1538 2116 sua
1551 2084 1670 2117 virtute
1681 2085 1741 2117 sibi

1009 2126 1139 2170 adeptus
1156 2137 1211 2160 est.

1056 2172 1102 2202 17.
1127 2170 1286 2214 Quaestor]
1310 2172 1502 2213 QiaestoreS,
1519 2178 1556 2202 ut
1571 2170 1615 2202 ait
1630 2169 1744 2211 Varro,

1008 2216 1026 2242 ὲ
1041 2216 1210 2257 quaerendo
1226 2215 1303 2246 dicti
1319 2222 1406 2246 sunt:
1430 2214 1502 2256 quia
1515 2213 1743 2256 conquirebant

1008 2258 1156 2301 pecunias
1171 2257 1320 2301 publicas.
1365 2257 1508 2299 Regibus
1523 2255 1659 2300 primum
1674 2258 1744 2290 Ro-

1008 2313 1070 2333 ma,
1081 2301 1310 2344 imperantibus
1329 2300 1468 2332 instituti
1488 2308 1573 2339 sunt,
1586 2308 1620 2331 ct
1634 2306 1743 2344 postea

1006 2344 1117 2388 populi
1133 2345 1284 2388 suffragio
1301 2344 1406 2383 creati,
1422 2345 1503 2376 sicut
1521 2344 1639 2386 reliqui
1664 2346 1744 2377 Ma-

1006 2389 1162 2432 gistratus.

1055 2433 1102 2463 18.
1125 2431 1276 2474 Nominis]
1313 2431 1384 2463 Piso
1400 2438 1465 2463 erat
1480 2442 1518 2463 ex
1534 2429 1742 2477 illustrissima

1007 2475 1129 2507 familia
1143 2475 1263 2507 Pisonis
1276 2475 1385 2517 Frugi,
1395 2475 1607 2517 cujusmagna
1617 2481 1656 2506 εἰὰ
1683 2485 1744 2506 rae-

1009 2519 1092 2551 clara
1108 2518 1278 2551 extiterant
1294 2518 1327 2550 in
1350 2518 1595 2562 Rempublieam
1619 2528 1640 2549 o
1673 2519 1741 2558 cia;

1007 2562 1100 2605 hujus
1127 2562 1276 2594 meminit
1303 2562 1414 2594 Cicero
1431 2562 1463 2593 in
1479 2564 1572 2593 Orat.
1584 2571 1649 2605 pro
1659 2563 1742 2593 Fon-
1756 2568 1759 2572 ·

1007 2606 1084 2644 icio,
1106 2616 1198 2648 quare
1222 2606 1260 2636 ad
1284 2613 1504 2649 contemptum
1519 2605 1742 2642 Pisoniamon·

1007 2657 1056 2682 tra
1078 2659 1173 2692 quem
1201 2649 1279 2690 agit,
1305 2660 1369 2681 non
1397 2656 1463 2681 tam
1490 2648 1536 2681 ilii
1563 2650 1664 2691 quim-
1680 2657 1742 2679 no-

1006 2693 1085 2725 mini
1101 2693 1169 2736 ejus
1183 2693 1326 2725 delatam*
1344 2692 1440 2725 fuisse
1465 2700 1641 2736 putaram
1664 2700 1741 2726 eon-

1006 2736 1119 2768 tendit.

1034 2772 1100 2812 'ib.
1122 2780 1239 2812 AEdilis
1270 2790 1303 2810 es
1322 2781 1447 2818 factm-.-
1479 2779 1572 2820 Pium]
1616 2775 1740 2810 AEdiles

1006 2823 1060 2858 alii
1097 2823 1214 2867 plebeii
1244 2822 1384 2864 fixerant,
1404 2822 1462 2858 alii
1497 2821 1630 2856 curules·
1653 2821 1741 2896 1,Ωιι-

1613 2874 1651 2897 ru
1666 2873 1738 2895 ium
