<?xml version="1.0" encoding="UTF-8"?>
<!DOCTYPE html PUBLIC "-//W3C//DTD XHTML 1.0 Transitional//EN"
    "http://www.w3.org/TR/xhtml1/DTD/xhtml1-transitional.dtd">
<html xmlns="http://www.w3.org/1999/xhtml" xml:lang="en" lang="en">
 <head>
  <title>
</title>
<meta http-equiv="Content-Type" content="text/html;charset=utf-8" />
  <meta name='ocr-system' content='tesseract 3.04.00' />
  <meta name='ocr-capabilities' content='ocr_page ocr_carea ocr_par ocr_line ocrx_word'/>
</head>
<body>
  <div class='ocr_page' id='page_1' title='image "./orationesquaedam00ciceuoft/orationesquaedam00ciceuoft_0433.png"; bbox 0 0 1872 3140; ppageno 0'>
   <div class='ocr_carea' id='block_1_1' title="bbox 5 2927 32 3140">
    <p class='ocr_par' dir='ltr' id='par_1_1' title="bbox 5 2896 32 3140">
     <span class='ocr_line' id='line_1_1' title="bbox 5 2927 32 3140; textangle 90"><span class='ocrx_word' id='word_1_1' title='bbox 5 2982 32 3140; x_wconf 45' lang='grc' dir='ltr'>φὰψ-π</span> <span class='ocrx_word' id='word_1_2' title='bbox 12 2927 17 2930; x_wconf 94' lang='grc'>-</span> 
     </span>
    </p>
   </div>
   <div class='ocr_carea' id='block_1_2' title="bbox 160 754 1179 810">
    <p class='ocr_par' dir='ltr' id='par_1_2' title="bbox 160 754 1179 810">
     <span class='ocr_line' id='line_1_2' title="bbox 160 754 1179 810; baseline -0.003 -11"><span class='ocrx_word' id='word_1_3' title='bbox 160 793 165 799; x_wconf 83' lang='grc'><strong><em>,</em></strong></span> <span class='ocrx_word' id='word_1_4' title='bbox 202 767 420 807; x_wconf 73' lang='lat' dir='ltr'>venerunt,</span> <span class='ocrx_word' id='word_1_5' title='bbox 452 771 504 797; x_wconf 88' lang='lat' dir='ltr'>ex</span> <span class='ocrx_word' id='word_1_6' title='bbox 534 757 597 796; x_wconf 89' lang='lat' dir='ltr'>his</span> <span class='ocrx_word' id='word_1_7' title='bbox 618 756 782 810; x_wconf 84' lang='lat' dir='ltr'>quidam</span> <span class='ocrx_word' id='word_1_8' title='bbox 817 754 953 796; x_wconf 83' lang='lat' dir='ltr'>Roma</span> <span class='ocrx_word' id='word_1_9' title='bbox 971 766 1179 797; x_wconf 83' lang='lat' dir='ltr'><strong>recentes.</strong></span> 
     </span>
    </p>
   </div>
   <div class='ocr_carea' id='block_1_3' title="bbox 484 119 1822 190">
    <p class='ocr_par' dir='ltr' id='par_1_3' title="bbox 484 119 1822 190">
     <span class='ocr_line' id='line_1_3' title="bbox 484 119 1822 190; baseline 0.001 -20"><span class='ocrx_word' id='word_1_10' title='bbox 484 187 485 190; x_wconf 11' lang='grc' dir='ltr'><strong>Ἴ</strong></span> <span class='ocrx_word' id='word_1_11' title='bbox 524 128 587 170; x_wconf 86' lang='grc' dir='ltr'>ΙΝ</span> <span class='ocrx_word' id='word_1_12' title='bbox 618 128 1043 171; x_wconf 76' lang='grc' dir='ltr'>Μ.ἈΝ.ΤΟΝΙΠΜ</span> <span class='ocrx_word' id='word_1_13' title='bbox 1070 119 1399 171; x_wconf 74' lang='lat' dir='ltr'>PHILIPPICA</span> <span class='ocrx_word' id='word_1_14' title='bbox 1430 129 1462 168; x_wconf 91' lang='grc' dir='ltr'>Ι.</span> <span class='ocrx_word' id='word_1_15' title='bbox 1747 136 1822 174; x_wconf 68' lang='lat'>301</span> 
     </span>
    </p>
   </div>
   <div class='ocr_carea' id='block_1_4' title="bbox 183 239 1810 1372">
    <p class='ocr_par' dir='ltr' id='par_1_4' title="bbox 183 239 1810 1372">
     <span class='ocr_line' id='line_1_4' title="bbox 210 239 1744 298; baseline 0 -14"><span class='ocrx_word' id='word_1_16' title='bbox 210 242 293 285; x_wconf 55' lang='lat' dir='ltr'>unii</span> <span class='ocrx_word' id='word_1_17' title='bbox 320 258 386 286; x_wconf 89' lang='lat' dir='ltr'>me</span> <span class='ocrx_word' id='word_1_18' title='bbox 422 251 543 285; x_wconf 85' lang='lat' dir='ltr'>nocte</span> <span class='ocrx_word' id='word_1_19' title='bbox 583 244 749 298; x_wconf 89' lang='lat' dir='ltr'>cupiens</span> <span class='ocrx_word' id='word_1_20' title='bbox 788 245 979 292; x_wconf 85' lang='lat' dir='ltr'>retinere,</span> <span class='ocrx_word' id='word_1_21' title='bbox 1024 259 1110 285; x_wconf 90' lang='lat' dir='ltr'>non</span> <span class='ocrx_word' id='word_1_22' title='bbox 1149 245 1308 298; x_wconf 80' lang='lat' dir='ltr'>potuit3</span> <span class='ocrx_word' id='word_1_23' title='bbox 1358 243 1508 285; x_wconf 82' lang='lat' dir='ltr'>veritus</span> <span class='ocrx_word' id='word_1_24' title='bbox 1543 239 1646 290; x_wconf 79' lang='lat' dir='ltr'>suin,</span> <span class='ocrx_word' id='word_1_25' title='bbox 1691 258 1744 284; x_wconf 74' lang='lat' dir='ltr'>nc·</span> 
     </span>
     <span class='ocr_line' id='line_1_5' title="bbox 203 300 1742 355; baseline 0 -15"><span class='ocrx_word' id='word_1_26' title='bbox 203 315 324 342; x_wconf 86' lang='lat' dir='ltr'>meus</span> <span class='ocrx_word' id='word_1_27' title='bbox 346 302 585 354; x_wconf 85' lang='lat' dir='ltr'>repentinus</span> <span class='ocrx_word' id='word_1_28' title='bbox 607 303 657 343; x_wconf 81' lang='lat' dir='ltr'>ad</span> <span class='ocrx_word' id='word_1_29' title='bbox 685 316 798 342; x_wconf 88' lang='lat' dir='ltr'>meos</span> <span class='ocrx_word' id='word_1_30' title='bbox 834 302 1075 342; x_wconf 84' lang='lat' dir='ltr'>necessarios</span> <span class='ocrx_word' id='word_1_31' title='bbox 1105 303 1302 342; x_wconf 82' lang='lat' dir='ltr'>adventus</span> <span class='ocrx_word' id='word_1_32' title='bbox 1336 300 1570 355; x_wconf 86' lang='lat' dir='ltr'><strong>suspicionis</strong></span> <span class='ocrx_word' id='word_1_33' title='bbox 1590 300 1742 354; x_wconf 81' lang='lat' dir='ltr'>aliquid</span> 
     </span>
     <span class='ocr_line' id='line_1_6' title="bbox 198 356 1741 407; baseline 0 -10"><span class='ocrx_word' id='word_1_34' title='bbox 198 357 389 407; x_wconf 69' lang='lat' dir='ltr'>afferret,</span> <span class='ocrx_word' id='word_1_35' title='bbox 419 358 450 398; x_wconf 86' lang='lat' dir='ltr'>si</span> <span class='ocrx_word' id='word_1_36' title='bbox 472 372 600 400; x_wconf 86' lang='lat' dir='ltr'>essem</span> <span class='ocrx_word' id='word_1_37' title='bbox 618 370 904 400; x_wconf 80' lang='lat' dir='ltr'>commoratus.</span> <span class='ocrx_word' id='word_1_38' title='bbox 963 356 1072 399; x_wconf 72' lang='lat' dir='ltr'>Cum</span> <span class='ocrx_word' id='word_1_39' title='bbox 1092 369 1228 399; x_wconf 86' lang='lat' dir='ltr'>autem</span> <span class='ocrx_word' id='word_1_40' title='bbox 1248 373 1315 398; x_wconf 88' lang='lat' dir='ltr'>me</span> <span class='ocrx_word' id='word_1_41' title='bbox 1335 372 1384 399; x_wconf 85' lang='lat' dir='ltr'>ex</span> <span class='ocrx_word' id='word_1_42' title='bbox 1405 357 1543 399; x_wconf 66' lang='lat' dir='ltr'>Sicilia</span> <span class='ocrx_word' id='word_1_43' title='bbox 1562 359 1612 398; x_wconf 80' lang='lat' dir='ltr'>acl</span> <span class='ocrx_word' id='word_1_44' title='bbox 1631 356 1741 397; x_wconf 87' lang='lat' dir='ltr'>Leu-</span> 
     </span>
     <span class='ocr_line' id='line_1_7' title="bbox 195 414 1739 470; baseline -0.001 -16"><span class='ocrx_word' id='word_1_45' title='bbox 195 425 434 468; x_wconf 65' lang='lat' dir='ltr'>copetram,</span> <span class='ocrx_word' id='word_1_46' title='bbox 467 417 579 470; x_wconf 90' lang='lat' dir='ltr'>quod</span> <span class='ocrx_word' id='word_1_47' title='bbox 609 429 666 456; x_wconf 88' lang='lat' dir='ltr'>est</span> <span class='ocrx_word' id='word_1_48' title='bbox 685 416 1011 470; x_wconf 80' lang='lat' dir='ltr'>promontorium</span> <span class='ocrx_word' id='word_1_49' title='bbox 1028 416 1112 470; x_wconf 88' lang='lat' dir='ltr'>agri</span> <span class='ocrx_word' id='word_1_50' title='bbox 1135 414 1328 470; x_wconf 85' lang='lat' dir='ltr'>Rhegini,</span> <span class='ocrx_word' id='word_1_51' title='bbox 1356 415 1468 456; x_wconf 81' lang='lat' dir='ltr'>venti</span> <span class='ocrx_word' id='word_1_52' title='bbox 1484 415 1739 463; x_wconf 80' lang='lat' dir='ltr'>detulissent,</span> 
     </span>
     <span class='ocr_line' id='line_1_8' title="bbox 188 470 1810 525; baseline 0.004 -15"><span class='ocrx_word' id='word_1_53' title='bbox 188 471 255 520; x_wconf 20' lang='lat' dir='ltr'>&#39;ab</span> <span class='ocrx_word' id='word_1_54' title='bbox 283 486 332 512; x_wconf 92' lang='lat' dir='ltr'>eo</span> <span class='ocrx_word' id='word_1_55' title='bbox 362 472 452 512; x_wconf 90' lang='lat' dir='ltr'>loco</span> <span class='ocrx_word' id='word_1_56' title='bbox 488 473 720 521; x_wconf 84' lang='lat' dir='ltr'>conscendi,</span> <span class='ocrx_word' id='word_1_57' title='bbox 750 484 794 514; x_wconf 84' lang='lat' dir='ltr'>ut</span> <span class='ocrx_word' id='word_1_58' title='bbox 820 471 836 492; x_wconf 49' lang='grc' dir='ltr'>ι’</span> <span class='ocrx_word' id='word_1_59' title='bbox 856 473 1201 521; x_wconf 84' lang='lat' dir='ltr'>transmitterem;</span> <span class='ocrx_word' id='word_1_60' title='bbox 1232 487 1308 512; x_wconf 90' lang='lat' dir='ltr'>nec</span> <span class='ocrx_word' id='word_1_61' title='bbox 1341 472 1395 513; x_wconf 85' lang='lat' dir='ltr'>ita</span> <span class='ocrx_word' id='word_1_62' title='bbox 1433 470 1611 512; x_wconf 71' lang='lat' dir='ltr'>multum</span> <span class='ocrx_word' id='word_1_63' title='bbox 1643 486 1737 525; x_wconf 87' lang='lat' dir='ltr'>pro—</span> <span class='ocrx_word' id='word_1_64' title='bbox 1762 481 1810 516; x_wconf 82' lang='lat'>10</span> 
     </span>
     <span class='ocr_line' id='line_1_9' title="bbox 197 529 1738 582; baseline -0.001 -12"><span class='ocrx_word' id='word_1_65' title='bbox 197 541 230 570; x_wconf 61' lang='grc' dir='ltr'><strong>Α</strong></span> <span class='ocrx_word' id='word_1_66' title='bbox 233 538 360 578; x_wconf 87' lang='lat' dir='ltr'>ectus,</span> <span class='ocrx_word' id='word_1_67' title='bbox 387 529 560 580; x_wconf 83' lang='lat' dir='ltr'>rejectus</span> <span class='ocrx_word' id='word_1_68' title='bbox 596 532 744 570; x_wconf 80' lang='lat' dir='ltr'>Austro</span> <span class='ocrx_word' id='word_1_69' title='bbox 765 544 855 570; x_wconf 87' lang='lat' dir='ltr'>sum</span> <span class='ocrx_word' id='word_1_70' title='bbox 885 530 927 569; x_wconf 89' lang='lat' dir='ltr'>in</span> <span class='ocrx_word' id='word_1_71' title='bbox 960 543 1052 570; x_wconf 87' lang='lat' dir='ltr'>eum</span> <span class='ocrx_word' id='word_1_72' title='bbox 1075 530 1206 582; x_wconf 83' lang='lat' dir='ltr'>ipsum</span> <span class='ocrx_word' id='word_1_73' title='bbox 1232 529 1386 578; x_wconf 87' lang='lat' dir='ltr'>locum,</span> <span class='ocrx_word' id='word_1_74' title='bbox 1415 530 1525 570; x_wconf 90' lang='lat' dir='ltr'>unde</span> <span class='ocrx_word' id='word_1_75' title='bbox 1544 541 1738 570; x_wconf 87' lang='lat' dir='ltr'>conscen-</span> 
     </span>
     <span class='ocr_line' id='line_1_10' title="bbox 204 585 1733 642; baseline 0.001 -18"><span class='ocrx_word' id='word_1_76' title='bbox 204 585 372 625; x_wconf 85' lang='lat' dir='ltr'>deram·</span> <span class='ocrx_word' id='word_1_77' title='bbox 363 603 374 634; x_wconf 82' lang='lat'>3</span> <span class='ocrx_word' id='word_1_78' title='bbox 406 602 584 642; x_wconf 82' lang='lat' dir='ltr'>cunique</span> <span class='ocrx_word' id='word_1_79' title='bbox 617 588 857 640; x_wconf 81' lang='lat' dir='ltr'>intempesta</span> <span class='ocrx_word' id='word_1_80' title='bbox 893 599 978 625; x_wconf 82' lang='lat' dir='ltr'>nox</span> <span class='ocrx_word' id='word_1_81' title='bbox 1011 596 1128 633; x_wconf 88' lang='lat' dir='ltr'>esset,</span> <span class='ocrx_word' id='word_1_82' title='bbox 1158 587 1473 640; x_wconf 81' lang='lat' dir='ltr'>mansissemque</span> <span class='ocrx_word' id='word_1_83' title='bbox 1494 587 1536 626; x_wconf 91' lang='lat' dir='ltr'>in</span> <span class='ocrx_word' id='word_1_84' title='bbox 1567 585 1662 626; x_wconf 85' lang='lat' dir='ltr'>villa</span> <span class='ocrx_word' id='word_1_85' title='bbox 1686 588 1733 626; x_wconf 77' lang='grc' dir='ltr'>Ρ.</span> 
     </span>
     <span class='ocr_line' id='line_1_11' title="bbox 194 641 1737 706; baseline 0.001 -24"><span class='ocrx_word' id='word_1_86' title='bbox 194 641 361 689; x_wconf 56' lang='grc' dir='ltr'>ΔἲῖῑιΙιτιὴὶ</span> <span class='ocrx_word' id='word_1_87' title='bbox 397 644 555 684; x_wconf 86' lang='lat' dir='ltr'>comitis</span> <span class='ocrx_word' id='word_1_88' title='bbox 585 655 624 684; x_wconf 91' lang='lat' dir='ltr'>et</span> <span class='ocrx_word' id='word_1_89' title='bbox 641 643 846 683; x_wconf 84' lang='lat' dir='ltr'>familiaris</span> <span class='ocrx_word' id='word_1_90' title='bbox 868 643 969 706; x_wconf 36' lang='lat' dir='ltr'>meiz</span> <span class='ocrx_word' id='word_1_91' title='bbox 994 643 1272 706; x_wconf 80' lang='lat' dir='ltr'>postridieque</span> <span class='ocrx_word' id='word_1_92' title='bbox 1300 644 1404 696; x_wconf 86' lang='lat' dir='ltr'>apud</span> <span class='ocrx_word' id='word_1_93' title='bbox 1426 644 1618 692; x_wconf 86' lang='lat' dir='ltr'>cundem,</span> <span class='ocrx_word' id='word_1_94' title='bbox 1637 657 1737 684; x_wconf 90' lang='lat' dir='ltr'>ven-</span> 
     </span>
     <span class='ocr_line' id='line_1_12' title="bbox 202 699 1734 769; baseline 0.001 -29"><span class='ocrx_word' id='word_1_95' title='bbox 202 710 292 740; x_wconf 87' lang='lat' dir='ltr'>tum</span> <span class='ocrx_word' id='word_1_96' title='bbox 323 711 557 754; x_wconf 80' lang='lat' dir='ltr'>expectans,</span> <span class='ocrx_word' id='word_1_97' title='bbox 587 714 814 749; x_wconf 82' lang='lat' dir='ltr'>manerem,</span> <span class='ocrx_word' id='word_1_98' title='bbox 857 700 1080 753; x_wconf 82' lang='lat' dir='ltr'>municipes</span> <span class='ocrx_word' id='word_1_99' title='bbox 1122 699 1305 753; x_wconf 83' lang='lat' dir='ltr'>Rhegini</span> <span class='ocrx_word' id='word_1_100' title='bbox 1333 701 1559 769; x_wconf 83' lang='lat' dir='ltr'>complures</span> <span class='ocrx_word' id='word_1_101' title='bbox 1590 701 1640 740; x_wconf 92' lang='lat' dir='ltr'>ad</span> <span class='ocrx_word' id='word_1_102' title='bbox 1665 716 1734 742; x_wconf 86' lang='lat' dir='ltr'>me</span> 
     </span>
     <span class='ocr_line' id='line_1_13' title="bbox 1211 755 1801 810; baseline 0.007 -15"><span class='ocrx_word' id='word_1_103' title='bbox 1211 768 1232 795; x_wconf 92' lang='lat' dir='ltr'>a</span> <span class='ocrx_word' id='word_1_104' title='bbox 1260 757 1404 810; x_wconf 85' lang='lat' dir='ltr'>quibus</span> <span class='ocrx_word' id='word_1_105' title='bbox 1431 755 1610 810; x_wconf 64' lang='lat' dir='ltr'>primum</span> <span class='ocrx_word' id='word_1_106' title='bbox 1631 759 1732 798; x_wconf 83' lang='lat' dir='ltr'>acci·</span> <span class='ocrx_word' id='word_1_107' title='bbox 1755 769 1801 804; x_wconf 58' lang='lat'>1?</span> <span class='ocrx_word' id='word_1_108' title='bbox 1788 784 1801 803; x_wconf 83' lang='lat'><em>,</em></span> 
     </span>
     <span class='ocr_line' id='line_1_14' title="bbox 203 788 1730 878; baseline 0.002 -25"><span class='ocrx_word' id='word_1_109' title='bbox 203 815 272 868; x_wconf 90' lang='lat' dir='ltr'>pio</span> <span class='ocrx_word' id='word_1_110' title='bbox 293 814 356 854; x_wconf 90' lang='lat' dir='ltr'>M.</span> <span class='ocrx_word' id='word_1_111' title='bbox 381 788 550 854; x_wconf 82' lang='lat' dir='ltr'>Antonii</span> <span class='ocrx_word' id='word_1_112' title='bbox 582 814 851 854; x_wconf 81' lang='lat' dir='ltr'>concionem.</span> <span class='ocrx_word' id='word_1_113' title='bbox 881 827 972 867; x_wconf 81' lang='lat' dir='ltr'>quae</span> <span class='ocrx_word' id='word_1_114' title='bbox 1006 813 1061 853; x_wconf 85' lang='lat' dir='ltr'>ita</span> <span class='ocrx_word' id='word_1_115' title='bbox 1095 814 1198 854; x_wconf 86' lang='lat' dir='ltr'>mihi</span> <span class='ocrx_word' id='word_1_116' title='bbox 1228 814 1392 878; x_wconf 82' lang='lat' dir='ltr'>placuit,</span> <span class='ocrx_word' id='word_1_117' title='bbox 1421 823 1465 854; x_wconf 93' lang='lat' dir='ltr'>ut</span> <span class='ocrx_word' id='word_1_118' title='bbox 1487 828 1535 854; x_wconf 77' lang='lat' dir='ltr'>ea</span> <span class='ocrx_word' id='word_1_119' title='bbox 1555 813 1659 855; x_wconf 61' lang='lat' dir='ltr'>lecta</span> <span class='ocrx_word' id='word_1_120' title='bbox 1678 816 1730 856; x_wconf 82' lang='lat' dir='ltr'>de</span> 
     </span>
     <span class='ocr_line' id='line_1_15' title="bbox 202 867 1731 925; baseline 0.001 -14"><span class='ocrx_word' id='word_1_121' title='bbox 202 871 435 911; x_wconf 85' lang='lat' dir='ltr'>reversione</span> <span class='ocrx_word' id='word_1_122' title='bbox 458 868 636 924; x_wconf 86' lang='lat' dir='ltr'>primum</span> <span class='ocrx_word' id='word_1_123' title='bbox 673 871 868 925; x_wconf 83' lang='lat' dir='ltr'>coeperim</span> <span class='ocrx_word' id='word_1_124' title='bbox 901 871 1103 923; x_wconf 82' lang='lat' dir='ltr'>cogitare.</span> <span class='ocrx_word' id='word_1_125' title='bbox 1131 885 1208 911; x_wconf 88' lang='lat' dir='ltr'>nec</span> <span class='ocrx_word' id='word_1_126' title='bbox 1237 871 1290 914; x_wconf 82' lang='lat' dir='ltr'>ita</span> <span class='ocrx_word' id='word_1_127' title='bbox 1319 867 1452 911; x_wconf 67' lang='lat' dir='ltr'>multo</span> <span class='ocrx_word' id='word_1_128' title='bbox 1483 871 1590 924; x_wconf 74' lang='lat' dir='ltr'>post,</span> <span class='ocrx_word' id='word_1_129' title='bbox 1620 874 1731 912; x_wconf 79' lang='lat' dir='ltr'>edic-</span> 
     </span>
     <span class='ocr_line' id='line_1_16' title="bbox 191 925 1727 983; baseline 0.001 -15"><span class='ocrx_word' id='word_1_130' title='bbox 191 938 293 968; x_wconf 64' lang='lat' dir='ltr'>tum</span> <span class='ocrx_word' id='word_1_131' title='bbox 314 927 430 968; x_wconf 89' lang='lat' dir='ltr'>Bruti</span> <span class='ocrx_word' id='word_1_132' title='bbox 461 925 644 968; x_wconf 82' lang='lat' dir='ltr'>adfertur</span> <span class='ocrx_word' id='word_1_133' title='bbox 673 933 725 968; x_wconf 88' lang='lat' dir='ltr'>et</span> <span class='ocrx_word' id='word_1_134' title='bbox 749 927 900 976; x_wconf 77' lang='lat' dir='ltr'>Cassii3</span> <span class='ocrx_word' id='word_1_135' title='bbox 931 929 1042 982; x_wconf 88' lang='lat' dir='ltr'>quod</span> <span class='ocrx_word' id='word_1_136' title='bbox 1072 928 1239 982; x_wconf 81' lang='lat' dir='ltr'>quidem</span> <span class='ocrx_word' id='word_1_137' title='bbox 1269 927 1386 976; x_wconf 87' lang='lat' dir='ltr'>mihi,</span> <span class='ocrx_word' id='word_1_138' title='bbox 1415 925 1583 968; x_wconf 72' lang='lat' dir='ltr'>fortasse</span> <span class='ocrx_word' id='word_1_139' title='bbox 1615 927 1727 983; x_wconf 71' lang='lat' dir='ltr'>quod.</span> 
     </span>
     <span class='ocr_line' id='line_1_17' title="bbox 188 983 1726 1040; baseline 0 -13"><span class='ocrx_word' id='word_1_140' title='bbox 188 998 266 1030; x_wconf 85' lang='lat' dir='ltr'>eos</span> <span class='ocrx_word' id='word_1_141' title='bbox 287 985 409 1025; x_wconf 86' lang='lat' dir='ltr'>etiam</span> <span class='ocrx_word' id='word_1_142' title='bbox 430 983 518 1039; x_wconf 88' lang='lat' dir='ltr'>plus</span> <span class='ocrx_word' id='word_1_143' title='bbox 538 985 771 1039; x_wconf 81' lang='lat' dir='ltr'>reipublicae</span> <span class='ocrx_word' id='word_1_144' title='bbox 796 999 919 1039; x_wconf 86' lang='lat' dir='ltr'>quam</span> <span class='ocrx_word' id='word_1_145' title='bbox 940 984 1220 1025; x_wconf 80' lang='lat' dir='ltr'>familiaritatis</span> <span class='ocrx_word' id='word_1_146' title='bbox 1240 983 1369 1038; x_wconf 77' lang='lat' dir='ltr'>gratia</span> <span class='ocrx_word' id='word_1_147' title='bbox 1389 985 1531 1039; x_wconf 86' lang='lat' dir='ltr'>diligo,</span> <span class='ocrx_word' id='word_1_148' title='bbox 1559 988 1726 1040; x_wconf 89' lang='lat' dir='ltr'>plenum</span> 
     </span>
     <span class='ocr_line' id='line_1_18' title="bbox 187 1040 1798 1098; baseline 0.001 -16.014"><span class='ocrx_word' id='word_1_149' title='bbox 187 1042 396 1096; x_wconf 79' lang='lat' dir='ltr'>aequitatis</span> <span class='ocrx_word' id='word_1_150' title='bbox 437 1041 661 1083; x_wconf 82' lang='lat' dir='ltr'>videbatur.</span> <span class='ocrx_word' id='word_1_151' title='bbox 733 1043 953 1082; x_wconf 83' lang='lat' dir='ltr'>Addebant</span> <span class='ocrx_word' id='word_1_152' title='bbox 996 1040 1194 1096; x_wconf 83' lang='lat' dir='ltr'>praeterea</span> <span class='ocrx_word' id='word_1_153' title='bbox 1230 1042 1294 1096; x_wconf 89' lang='lat' dir='ltr'>(fit</span> <span class='ocrx_word' id='word_1_154' title='bbox 1330 1042 1440 1082; x_wconf 85' lang='lat' dir='ltr'>enim</span> <span class='ocrx_word' id='word_1_155' title='bbox 1485 1043 1724 1098; x_wconf 84' lang='lat' dir='ltr'>plerumque</span> <span class='ocrx_word' id='word_1_156' title='bbox 1745 1057 1798 1091; x_wconf 71' lang='grc' dir='ltr'>ρο</span> 
     </span>
     <span class='ocr_line' id='line_1_19' title="bbox 195 1097 1726 1154; baseline 0.001 -15"><span class='ocrx_word' id='word_1_157' title='bbox 195 1110 242 1140; x_wconf 92' lang='lat' dir='ltr'>ut</span> <span class='ocrx_word' id='word_1_158' title='bbox 282 1099 324 1148; x_wconf 90' lang='lat' dir='ltr'>ii,</span> <span class='ocrx_word' id='word_1_159' title='bbox 355 1098 425 1153; x_wconf 88' lang='lat' dir='ltr'>qui</span> <span class='ocrx_word' id='word_1_160' title='bbox 459 1099 557 1139; x_wconf 93' lang='lat' dir='ltr'>boni</span> <span class='ocrx_word' id='word_1_161' title='bbox 597 1099 696 1154; x_wconf 88' lang='lat' dir='ltr'>quid</span> <span class='ocrx_word' id='word_1_162' title='bbox 726 1101 868 1140; x_wconf 83' lang='lat' dir='ltr'>volunt</span> <span class='ocrx_word' id='word_1_163' title='bbox 907 1097 1082 1148; x_wconf 83' lang='lat' dir='ltr'>adferre,</span> <span class='ocrx_word' id='word_1_164' title='bbox 1117 1099 1316 1154; x_wconf 87' lang='lat' dir='ltr'>affingant</span> <span class='ocrx_word' id='word_1_165' title='bbox 1356 1099 1522 1153; x_wconf 76' lang='lat' dir='ltr'>aliquid,</span> <span class='ocrx_word' id='word_1_166' title='bbox 1553 1099 1636 1154; x_wconf 76' lang='lat' dir='ltr'>quo</span> <span class='ocrx_word' id='word_1_167' title='bbox 1666 1101 1726 1141; x_wconf 84' lang='lat' dir='ltr'>fa-</span> 
     </span>
     <span class='ocr_line' id='line_1_20' title="bbox 199 1154 1724 1210; baseline 0.002 -15"><span class='ocrx_word' id='word_1_168' title='bbox 199 1156 308 1196; x_wconf 88' lang='lat' dir='ltr'>ciant</span> <span class='ocrx_word' id='word_1_169' title='bbox 351 1157 408 1204; x_wconf 84' lang='lat' dir='ltr'>id,</span> <span class='ocrx_word' id='word_1_170' title='bbox 453 1157 565 1210; x_wconf 90' lang='lat' dir='ltr'>quod</span> <span class='ocrx_word' id='word_1_171' title='bbox 608 1157 818 1206; x_wconf 80' lang='lat' dir='ltr'>nunciant,</span> <span class='ocrx_word' id='word_1_172' title='bbox 857 1154 1007 1206; x_wconf 70' lang='lat' dir='ltr'>laetius)</span> <span class='ocrx_word' id='word_1_173' title='bbox 1050 1171 1138 1196; x_wconf 83' lang='lat' dir='ltr'>rein</span> <span class='ocrx_word' id='word_1_174' title='bbox 1178 1167 1500 1197; x_wconf 83' lang='lat' dir='ltr'>conventuram</span> <span class='ocrx_word' id='word_1_175' title='bbox 1547 1157 1724 1198; x_wconf 85' lang='lat' dir='ltr'>Kalend.</span> 
     </span>
     <span class='ocr_line' id='line_1_21' title="bbox 191 1211 1724 1268; baseline 0.003 -16"><span class='ocrx_word' id='word_1_176' title='bbox 191 1212 414 1254; x_wconf 84' lang='lat' dir='ltr'>Sextilibus</span> <span class='ocrx_word' id='word_1_177' title='bbox 465 1214 661 1254; x_wconf 69' lang='lat' dir='ltr'>Senatum</span> <span class='ocrx_word' id='word_1_178' title='bbox 700 1211 960 1268; x_wconf 80' lang='lat' dir='ltr'>frequentem</span> <span class='ocrx_word' id='word_1_179' title='bbox 1007 1212 1128 1254; x_wconf 87' lang='lat' dir='ltr'>fore:</span> <span class='ocrx_word' id='word_1_180' title='bbox 1190 1212 1437 1262; x_wconf 87' lang='lat' dir='ltr'>Antonium,</span> <span class='ocrx_word' id='word_1_181' title='bbox 1505 1216 1724 1268; x_wconf 81' lang='lat' dir='ltr'>repudiatis</span> 
     </span>
     <span class='ocr_line' id='line_1_22' title="bbox 183 1268 1723 1325; baseline 0.001 -15"><span class='ocrx_word' id='word_1_182' title='bbox 183 1270 308 1315; x_wconf 76' lang='lat' dir='ltr'>malis</span> <span class='ocrx_word' id='word_1_183' title='bbox 357 1271 598 1323; x_wconf 76' lang='lat' dir='ltr'>suasoribus,</span> <span class='ocrx_word' id='word_1_184' title='bbox 646 1268 818 1312; x_wconf 77' lang='lat' dir='ltr'>remissis</span> <span class='ocrx_word' id='word_1_185' title='bbox 871 1271 1014 1312; x_wconf 80' lang='lat' dir='ltr'>Galliis</span> <span class='ocrx_word' id='word_1_186' title='bbox 1063 1271 1297 1325; x_wconf 86' lang='lat' dir='ltr'>provinciis,</span> <span class='ocrx_word' id='word_1_187' title='bbox 1350 1271 1402 1311; x_wconf 86' lang='lat' dir='ltr'>ad</span> <span class='ocrx_word' id='word_1_188' title='bbox 1442 1272 1723 1313; x_wconf 82' lang='lat' dir='ltr'>auctoritatem</span> 
     </span>
     <span class='ocr_line' id='line_1_23' title="bbox 1548 1328 1723 1372; baseline 0.011 -2"><span class='ocrx_word' id='word_1_189' title='bbox 1548 1328 1723 1372; x_wconf 72' lang='lat' dir='ltr'>Senatfis</span> 
     </span>
    </p>
   </div>
   <div class='ocr_carea' id='block_1_5' title="bbox 838 1498 1080 1549">
    <p class='ocr_par' dir='ltr' id='par_1_5' title="bbox 838 1498 1080 1549">
     <span class='ocr_line' id='line_1_24' title="bbox 838 1498 1080 1549; baseline 0.017 -14"><span class='ocrx_word' id='word_1_190' title='bbox 838 1498 854 1521; x_wconf 70' lang='lat'>¹²</span> <span class='ocrx_word' id='word_1_191' title='bbox 872 1501 1080 1549; x_wconf 66' lang='lat' dir='ltr'>trqu&#39;ccrem.</span> 
     </span>
    </p>
   </div>
   <div class='ocr_carea' id='block_1_6' title="bbox 190 1717 1720 1853">
    <p class='ocr_par' dir='ltr' id='par_1_6' title="bbox 190 1717 1720 1853">
     <span class='ocr_line' id='line_1_25' title="bbox 222 1717 1720 1768; baseline 0.001 -12"><span class='ocrx_word' id='word_1_192' title='bbox 222 1729 264 1756; x_wconf 83' lang='lat'>-8.</span> <span class='ocrx_word' id='word_1_193' title='bbox 293 1725 524 1766; x_wconf 63' lang='lat' dir='ltr'>Leiwopielram]</span> <span class='ocrx_word' id='word_1_194' title='bbox 567 1718 764 1767; x_wconf 71' lang='lat' dir='ltr'>Leucopetra</span> <span class='ocrx_word' id='word_1_195' title='bbox 781 1727 876 1756; x_wconf 72' lang='lat' dir='ltr'>Italiae</span> <span class='ocrx_word' id='word_1_196' title='bbox 895 1727 927 1757; x_wconf 87' lang='lat' dir='ltr'>in</span> <span class='ocrx_word' id='word_1_197' title='bbox 973 1723 1129 1765; x_wconf 52' lang='lat' dir='ltr'>Hispani}</span> <span class='ocrx_word' id='word_1_198' title='bbox 1149 1724 1274 1755; x_wconf 88' lang='lat' dir='ltr'>bellum</span> <span class='ocrx_word' id='word_1_199' title='bbox 1301 1732 1412 1756; x_wconf 82' lang='lat' dir='ltr'>contra</span> <span class='ocrx_word' id='word_1_200' title='bbox 1437 1726 1567 1757; x_wconf 68' lang='lat' dir='ltr'>Caesaris</span> <span class='ocrx_word' id='word_1_201' title='bbox 1593 1717 1720 1768; x_wconf 50' lang='lat' dir='ltr'>legatos:</span> 
     </span>
     <span class='ocr_line' id='line_1_26' title="bbox 191 1769 1714 1810; baseline 0 -10"><span class='ocrx_word' id='word_1_202' title='bbox 191 1770 346 1800; x_wconf 63' lang='lat' dir='ltr'>Calabriae</span> <span class='ocrx_word' id='word_1_203' title='bbox 363 1770 481 1801; x_wconf 86' lang='lat' dir='ltr'>finibus</span> <span class='ocrx_word' id='word_1_204' title='bbox 495 1772 753 1808; x_wconf 82' lang='lat' dir='ltr'>promontorium</span> <span class='ocrx_word' id='word_1_205' title='bbox 765 1778 822 1807; x_wconf 86' lang='lat' dir='ltr'>est,</span> <span class='ocrx_word' id='word_1_206' title='bbox 839 1771 928 1810; x_wconf 82' lang='lat' dir='ltr'>quod</span> <span class='ocrx_word' id='word_1_207' title='bbox 971 1770 1106 1808; x_wconf 75' lang='lat' dir='ltr'>gerebat.</span> <span class='ocrx_word' id='word_1_208' title='bbox 1122 1769 1218 1798; x_wconf 85' lang='lat' dir='ltr'>Hunc</span> <span class='ocrx_word' id='word_1_209' title='bbox 1233 1769 1265 1798; x_wconf 85' lang='lat' dir='ltr'>in</span> <span class='ocrx_word' id='word_1_210' title='bbox 1278 1770 1413 1808; x_wconf 83' lang='lat' dir='ltr'>patriam</span> <span class='ocrx_word' id='word_1_211' title='bbox 1427 1771 1639 1800; x_wconf 80' lang='lat' dir='ltr'>revocandum</span> <span class='ocrx_word' id='word_1_212' title='bbox 1648 1780 1714 1800; x_wconf 66' lang='lat' dir='ltr'>csse</span> 
     </span>
     <span class='ocr_line' id='line_1_27' title="bbox 190 1812 1712 1853; baseline -0.001 -9"><span class='ocrx_word' id='word_1_213' title='bbox 190 1815 311 1844; x_wconf 76' lang='lat' dir='ltr'>montis</span> <span class='ocrx_word' id='word_1_214' title='bbox 339 1814 519 1853; x_wconf 82' lang='lat' dir='ltr'>Appennini</span> <span class='ocrx_word' id='word_1_215' title='bbox 550 1814 623 1844; x_wconf 85' lang='lat' dir='ltr'>finis</span> <span class='ocrx_word' id='word_1_216' title='bbox 650 1824 716 1845; x_wconf 72' lang='lat' dir='ltr'>esse</span> <span class='ocrx_word' id='word_1_217' title='bbox 746 1815 871 1850; x_wconf 82' lang='lat' dir='ltr'>dicitur,</span> <span class='ocrx_word' id='word_1_218' title='bbox 891 1820 927 1843; x_wconf 90' lang='lat' dir='ltr'>ut</span> <span class='ocrx_word' id='word_1_219' title='bbox 971 1813 1109 1848; x_wconf 80' lang='lat' dir='ltr'>censuit,</span> <span class='ocrx_word' id='word_1_220' title='bbox 1133 1819 1165 1841; x_wconf 81' lang='lat' dir='ltr'>et</span> <span class='ocrx_word' id='word_1_221' title='bbox 1187 1821 1241 1851; x_wconf 87' lang='lat' dir='ltr'>pro</span> <span class='ocrx_word' id='word_1_222' title='bbox 1256 1812 1350 1850; x_wconf 81' lang='lat' dir='ltr'>patris</span> <span class='ocrx_word' id='word_1_223' title='bbox 1373 1813 1475 1848; x_wconf 79' lang='lat' dir='ltr'>bonis,</span> <span class='ocrx_word' id='word_1_224' title='bbox 1491 1823 1564 1852; x_wconf 72' lang='lat' dir='ltr'>quie</span> <span class='ocrx_word' id='word_1_225' title='bbox 1583 1813 1615 1842; x_wconf 90' lang='lat' dir='ltr'>in</span> <span class='ocrx_word' id='word_1_226' title='bbox 1629 1814 1712 1843; x_wconf 77' lang='lat' dir='ltr'>AEde</span> 
     </span>
    </p>
   </div>
   <div class='ocr_carea' id='block_1_7' title="bbox 189 1855 928 1898">
    <p class='ocr_par' dir='ltr' id='par_1_7' title="bbox 189 1855 928 1898">
     <span class='ocr_line' id='line_1_28' title="bbox 189 1855 928 1898; baseline 0 -11"><span class='ocrx_word' id='word_1_227' title='bbox 189 1856 369 1888; x_wconf 74' lang='lat' dir='ltr'>Strabolib</span> <span class='ocrx_word' id='word_1_228' title='bbox 380 1862 409 1887; x_wconf 83' lang='lat'>6.</span> <span class='ocrx_word' id='word_1_229' title='bbox 424 1858 510 1897; x_wconf 85' lang='lat' dir='ltr'>quod</span> <span class='ocrx_word' id='word_1_230' title='bbox 521 1855 538 1886; x_wconf 73' lang='grc' dir='ltr'>’ὶ</span> <span class='ocrx_word' id='word_1_231' title='bbox 554 1856 886 1898; x_wconf 77' lang='lat' dir='ltr'>colereLeucopetram‚</span> <span class='ocrx_word' id='word_1_232' title='bbox 898 1858 928 1887; x_wconf 87' lang='lat' dir='ltr'>id</span> 
     </span>
    </p>
   </div>
   <div class='ocr_carea' id='block_1_8' title="bbox 171 1898 678 1940">
    <p class='ocr_par' dir='ltr' id='par_1_8' title="bbox 171 1898 678 1940">
     <span class='ocr_line' id='line_1_29' title="bbox 171 1898 678 1940; baseline 0.004 -11"><span class='ocrx_word' id='word_1_233' title='bbox 171 1904 244 1940; x_wconf 31' lang='lat' dir='ltr'>Uest,</span> <span class='ocrx_word' id='word_1_234' title='bbox 267 1909 368 1929; x_wconf 75' lang='lat' dir='ltr'>saxum</span> <span class='ocrx_word' id='word_1_235' title='bbox 379 1898 490 1937; x_wconf 77' lang='lat' dir='ltr'>album,</span> <span class='ocrx_word' id='word_1_236' title='bbox 505 1899 678 1940; x_wconf 73' lang='lat' dir='ltr'>appellant.</span> 
     </span>
    </p>
   </div>
   <div class='ocr_carea' id='block_1_9' title="bbox 186 1940 928 2070">
    <p class='ocr_par' dir='ltr' id='par_1_9' title="bbox 186 1940 928 2070">
     <span class='ocr_line' id='line_1_30' title="bbox 232 1940 928 1984; baseline 0 -12"><span class='ocrx_word' id='word_1_237' title='bbox 232 1940 447 1984; x_wconf 72' lang='lat' dir='ltr'>9.Rliegi11i.]</span> <span class='ocrx_word' id='word_1_238' title='bbox 491 1944 513 1972; x_wconf 74' lang='lat' dir='ltr'>u</span> <span class='ocrx_word' id='word_1_239' title='bbox 518 1944 649 1983; x_wconf 85' lang='lat' dir='ltr'>hegium</span> <span class='ocrx_word' id='word_1_240' title='bbox 665 1950 847 1974; x_wconf 83' lang='lat' dir='ltr'>extremum</span> <span class='ocrx_word' id='word_1_241' title='bbox 864 1943 928 1983; x_wconf 79' lang='lat' dir='ltr'>agri</span> 
     </span>
     <span class='ocr_line' id='line_1_31' title="bbox 186 1983 800 2028; baseline 0.002 -13"><span class='ocrx_word' id='word_1_242' title='bbox 186 1983 288 2016; x_wconf 87' lang='lat' dir='ltr'>Brutii</span> <span class='ocrx_word' id='word_1_243' title='bbox 303 1986 465 2028; x_wconf 86' lang='lat' dir='ltr'>oppidum</span> <span class='ocrx_word' id='word_1_244' title='bbox 481 1993 549 2024; x_wconf 81' lang='lat' dir='ltr'>est3</span> <span class='ocrx_word' id='word_1_245' title='bbox 575 1996 663 2017; x_wconf 77' lang='lat' dir='ltr'>nunu</span> <span class='ocrx_word' id='word_1_246' title='bbox 679 1988 759 2026; x_wconf 62' lang='lat' dir='ltr'>li’egg</span> <span class='ocrx_word' id='word_1_247' title='bbox 753 1987 800 2018; x_wconf 83' lang='lat' dir='ltr'>io.</span> 
     </span>
     <span class='ocr_line' id='line_1_32' title="bbox 232 2027 446 2070; baseline 0.009 -12"><span class='ocrx_word' id='word_1_248' title='bbox 232 2031 281 2058; x_wconf 88' lang='grc'>11</span> <span class='ocrx_word' id='word_1_249' title='bbox 313 2027 446 2070; x_wconf 54' lang='lat' dir='ltr'>Auium]</span> 
     </span>
    </p>
   </div>
   <div class='ocr_carea' id='block_1_10' title="bbox 185 2115 920 2288">
    <p class='ocr_par' dir='ltr' id='par_1_10' title="bbox 185 2115 920 2288">
     <span class='ocr_line' id='line_1_33' title="bbox 186 2115 448 2155; baseline -0.004 -9"><span class='ocrx_word' id='word_1_250' title='bbox 186 2115 271 2146; x_wconf 85' lang='lat' dir='ltr'>ciam</span> <span class='ocrx_word' id='word_1_251' title='bbox 284 2116 448 2155; x_wconf 84' lang='lat' dir='ltr'>navigant.</span> 
     </span>
     <span class='ocr_line' id='line_1_34' title="bbox 231 2158 920 2199; baseline 0 -11"><span class='ocrx_word' id='word_1_252' title='bbox 231 2160 281 2188; x_wconf 80' lang='lat'>12.</span> <span class='ocrx_word' id='word_1_253' title='bbox 304 2158 481 2198; x_wconf 78' lang='lat' dir='ltr'>Intempesta</span> <span class='ocrx_word' id='word_1_254' title='bbox 505 2159 589 2198; x_wconf 61' lang='grc' dir='ltr'>ποι]</span> <span class='ocrx_word' id='word_1_255' title='bbox 634 2160 708 2191; x_wconf 81' lang='lat' dir='ltr'>Nox</span> <span class='ocrx_word' id='word_1_256' title='bbox 731 2159 920 2199; x_wconf 81' lang='lat' dir='ltr'>intempesta</span> 
     </span>
     <span class='ocr_line' id='line_1_35' title="bbox 185 2200 917 2243; baseline -0.001 -10"><span class='ocrx_word' id='word_1_257' title='bbox 185 2200 318 2239; x_wconf 76' lang='lat' dir='ltr'>dicitur,</span> <span class='ocrx_word' id='word_1_258' title='bbox 330 2202 363 2232; x_wconf 90' lang='lat' dir='ltr'>in</span> <span class='ocrx_word' id='word_1_259' title='bbox 377 2200 441 2243; x_wconf 64' lang='lat' dir='ltr'>qui</span> <span class='ocrx_word' id='word_1_260' title='bbox 453 2202 585 2233; x_wconf 89' lang='lat' dir='ltr'>nullum</span> <span class='ocrx_word' id='word_1_261' title='bbox 594 2210 642 2233; x_wconf 83' lang='lat' dir='ltr'>est</span> <span class='ocrx_word' id='word_1_262' title='bbox 656 2204 767 2243; x_wconf 80' lang='lat' dir='ltr'>agendi</span> <span class='ocrx_word' id='word_1_263' title='bbox 780 2212 917 2241; x_wconf 86' lang='lat' dir='ltr'>tempus.</span> 
     </span>
     <span class='ocr_line' id='line_1_36' title="bbox 231 2245 920 2288; baseline 0.001 -13"><span class='ocrx_word' id='word_1_264' title='bbox 231 2247 278 2276; x_wconf 81' lang='lat'>13.</span> <span class='ocrx_word' id='word_1_265' title='bbox 306 2246 340 2276; x_wconf 90' lang='lat' dir='ltr'><em>V</em></span> <span class='ocrx_word' id='word_1_266' title='bbox 338 2245 424 2284; x_wconf 59' lang='lat' dir='ltr'>alerii</span> <span class='ocrx_word' id='word_1_267' title='bbox 438 2245 572 2285; x_wconf 51' lang='lat' dir='ltr'>comitia]</span> <span class='ocrx_word' id='word_1_268' title='bbox 587 2246 735 2277; x_wconf 82' lang='lat' dir='ltr'>Valerius</span> <span class='ocrx_word' id='word_1_269' title='bbox 747 2247 808 2276; x_wconf 85' lang='lat' dir='ltr'>fuit</span> <span class='ocrx_word' id='word_1_270' title='bbox 820 2246 920 2288; x_wconf 83' lang='lat' dir='ltr'>juris-</span> 
     </span>
    </p>
   </div>
   <div class='ocr_carea' id='block_1_11' title="bbox 162 2288 921 2331">
    <p class='ocr_par' dir='ltr' id='par_1_11' title="bbox 162 2288 921 2331">
     <span class='ocr_line' id='line_1_37' title="bbox 162 2288 921 2331; baseline 0 -12"><span class='ocrx_word' id='word_1_271' title='bbox 162 2288 363 2331; x_wconf 49' lang='lat' dir='ltr'>consultus,</span> <span class='ocrx_word' id='word_1_272' title='bbox 377 2288 416 2319; x_wconf 86' lang='lat' dir='ltr'>ad</span> <span class='ocrx_word' id='word_1_273' title='bbox 431 2298 530 2329; x_wconf 86' lang='lat' dir='ltr'>quem</span> <span class='ocrx_word' id='word_1_274' title='bbox 551 2290 661 2320; x_wconf 87' lang='lat' dir='ltr'>scribit</span> <span class='ocrx_word' id='word_1_275' title='bbox 675 2289 742 2320; x_wconf 89' lang='lat' dir='ltr'>Cic.</span> <span class='ocrx_word' id='word_1_276' title='bbox 759 2289 813 2320; x_wconf 84' lang='lat' dir='ltr'>lib.</span> <span class='ocrx_word' id='word_1_277' title='bbox 837 2291 863 2319; x_wconf 87' lang='lat'>1.</span> <span class='ocrx_word' id='word_1_278' title='bbox 883 2289 921 2319; x_wconf 89' lang='lat' dir='ltr'>ad</span> 
     </span>
    </p>
   </div>
   <div class='ocr_carea' id='block_1_12' title="bbox 177 2331 918 2894">
    <p class='ocr_par' dir='ltr' id='par_1_12' title="bbox 181 2331 870 2373">
     <span class='ocr_line' id='line_1_38' title="bbox 181 2331 870 2373; baseline 0 -11"><span class='ocrx_word' id='word_1_279' title='bbox 181 2331 380 2363; x_wconf 74' lang='lat' dir='ltr'>familiares·</span> <span class='ocrx_word' id='word_1_280' title='bbox 367 2354 379 2370; x_wconf 90' lang='lat'><em>,</em></span> <span class='ocrx_word' id='word_1_281' title='bbox 405 2333 553 2373; x_wconf 88' lang='lat' dir='ltr'>quicum</span> <span class='ocrx_word' id='word_1_282' title='bbox 567 2342 606 2362; x_wconf 86' lang='lat' dir='ltr'>eo</span> <span class='ocrx_word' id='word_1_283' title='bbox 622 2334 780 2373; x_wconf 81' lang='lat' dir='ltr'>profectus</span> <span class='ocrx_word' id='word_1_284' title='bbox 794 2339 870 2363; x_wconf 85' lang='lat' dir='ltr'>erat.</span> 
     </span>
    </p>

    <p class='ocr_par' dir='ltr' id='par_1_13' title="bbox 181 2374 918 2672">
     <span class='ocr_line' id='line_1_39' title="bbox 229 2374 918 2424; baseline 0.003 -20"><span class='ocrx_word' id='word_1_285' title='bbox 229 2375 281 2406; x_wconf 75' lang='lat'>14.</span> <span class='ocrx_word' id='word_1_286' title='bbox 283 2375 298 2417; x_wconf 92' lang='lat'>]</span> <span class='ocrx_word' id='word_1_287' title='bbox 316 2374 520 2424; x_wconf 35' lang='lat' dir='ltr'>Municipem]</span> <span class='ocrx_word' id='word_1_288' title='bbox 533 2376 716 2424; x_wconf 78' lang='lat' dir='ltr'>Municipes</span> <span class='ocrx_word' id='word_1_289' title='bbox 737 2383 812 2406; x_wconf 82' lang='lat' dir='ltr'>sunt</span> <span class='ocrx_word' id='word_1_290' title='bbox 835 2376 918 2406; x_wconf 88' lang='lat' dir='ltr'>cives</span> 
     </span>
     <span class='ocr_line' id='line_1_40' title="bbox 182 2415 917 2458; baseline 0 -9"><span class='ocrx_word' id='word_1_291' title='bbox 182 2415 338 2456; x_wconf 86' lang='lat' dir='ltr'>Romani,</span> <span class='ocrx_word' id='word_1_292' title='bbox 346 2427 386 2450; x_wconf 84' lang='lat' dir='ltr'>ex</span> <span class='ocrx_word' id='word_1_293' title='bbox 399 2419 585 2458; x_wconf 86' lang='lat' dir='ltr'>municipiis</span> <span class='ocrx_word' id='word_1_294' title='bbox 595 2428 654 2449; x_wconf 87' lang='lat' dir='ltr'>suo</span> <span class='ocrx_word' id='word_1_295' title='bbox 662 2420 734 2458; x_wconf 80' lang='lat' dir='ltr'>jure</span> <span class='ocrx_word' id='word_1_296' title='bbox 747 2426 780 2449; x_wconf 79' lang='lat' dir='ltr'>et</span> <span class='ocrx_word' id='word_1_297' title='bbox 794 2418 917 2458; x_wconf 83' lang='lat' dir='ltr'>legibus</span> 
     </span>
     <span class='ocr_line' id='line_1_41' title="bbox 183 2460 916 2502; baseline 0.003 -12"><span class='ocrx_word' id='word_1_298' title='bbox 183 2460 250 2492; x_wconf 77' lang='lat' dir='ltr'>suis</span> <span class='ocrx_word' id='word_1_299' title='bbox 265 2463 551 2499; x_wconf 81' lang='lat' dir='ltr'>utentes‚muneris</span> <span class='ocrx_word' id='word_1_300' title='bbox 568 2461 778 2494; x_wconf 82' lang='lat' dir='ltr'>tantumcum</span> <span class='ocrx_word' id='word_1_301' title='bbox 797 2461 916 2502; x_wconf 86' lang='lat' dir='ltr'>populo</span> 
     </span>
     <span class='ocr_line' id='line_1_42' title="bbox 182 2502 917 2546; baseline 0.004 -13"><span class='ocrx_word' id='word_1_302' title='bbox 182 2502 332 2534; x_wconf 88' lang='lat' dir='ltr'>Romano</span> <span class='ocrx_word' id='word_1_303' title='bbox 348 2505 509 2536; x_wconf 77' lang='lat' dir='ltr'>honorarii</span> <span class='ocrx_word' id='word_1_304' title='bbox 521 2506 709 2546; x_wconf 81' lang='lat' dir='ltr'>participes;</span> <span class='ocrx_word' id='word_1_305' title='bbox 731 2514 749 2535; x_wconf 84' lang='lat' dir='ltr'>a</span> <span class='ocrx_word' id='word_1_306' title='bbox 765 2515 831 2545; x_wconf 89' lang='lat' dir='ltr'>quo</span> <span class='ocrx_word' id='word_1_307' title='bbox 843 2514 917 2536; x_wconf 88' lang='lat' dir='ltr'>mu-</span> 
     </span>
     <span class='ocr_line' id='line_1_43' title="bbox 182 2547 916 2588; baseline 0.004 -13"><span class='ocrx_word' id='word_1_308' title='bbox 182 2556 257 2576; x_wconf 87' lang='lat' dir='ltr'>nere</span> <span class='ocrx_word' id='word_1_309' title='bbox 272 2548 465 2587; x_wconf 82' lang='lat' dir='ltr'>capessendo</span> <span class='ocrx_word' id='word_1_310' title='bbox 480 2548 630 2588; x_wconf 77' lang='lat' dir='ltr'>appellati</span> <span class='ocrx_word' id='word_1_311' title='bbox 657 2549 818 2585; x_wconf 83' lang='lat' dir='ltr'>videntur,</span> <span class='ocrx_word' id='word_1_312' title='bbox 843 2547 916 2578; x_wconf 88' lang='lat' dir='ltr'>nul-</span> 
     </span>
     <span class='ocr_line' id='line_1_44' title="bbox 181 2589 916 2632; baseline 0.004 -13"><span class='ocrx_word' id='word_1_313' title='bbox 181 2589 220 2620; x_wconf 88' lang='lat' dir='ltr'>lis</span> <span class='ocrx_word' id='word_1_314' title='bbox 238 2591 488 2628; x_wconf 62' lang='lat' dir='ltr'>necessitatibuS,</span> <span class='ocrx_word' id='word_1_315' title='bbox 497 2601 603 2632; x_wconf 87' lang='lat' dir='ltr'>neque</span> <span class='ocrx_word' id='word_1_316' title='bbox 619 2589 684 2622; x_wconf 63' lang='lat' dir='ltr'>uns</span> <span class='ocrx_word' id='word_1_317' title='bbox 700 2591 809 2632; x_wconf 86' lang='lat' dir='ltr'>populi</span> <span class='ocrx_word' id='word_1_318' title='bbox 822 2592 916 2622; x_wconf 82' lang='lat' dir='ltr'>Rom.</span> 
     </span>
     <span class='ocr_line' id='line_1_45' title="bbox 182 2633 415 2673; baseline 0.005 -10"><span class='ocrx_word' id='word_1_319' title='bbox 182 2633 252 2672; x_wconf 79' lang='lat' dir='ltr'>lege</span> <span class='ocrx_word' id='word_1_320' title='bbox 264 2633 415 2673; x_wconf 79' lang='lat' dir='ltr'>adstricti.</span> 
     </span>
    </p>

    <p class='ocr_par' dir='ltr' id='par_1_14' title="bbox 181 2675 914 2751">
     <span class='ocr_line' id='line_1_46' title="bbox 209 2675 914 2718; baseline 0.004 -13.079"><span class='ocrx_word' id='word_1_321' title='bbox 209 2678 275 2707; x_wconf 86' lang='grc'>15.</span> <span class='ocrx_word' id='word_1_322' title='bbox 316 2675 475 2716; x_wconf 61' lang='lat' dir='ltr'>Ruentem]</span> <span class='ocrx_word' id='word_1_323' title='bbox 522 2676 557 2708; x_wconf 86' lang='lat' dir='ltr'>Id</span> <span class='ocrx_word' id='word_1_324' title='bbox 578 2683 638 2716; x_wconf 85' lang='lat' dir='ltr'>est,</span> <span class='ocrx_word' id='word_1_325' title='bbox 654 2678 712 2718; x_wconf 88' lang='lat' dir='ltr'>qui</span> <span class='ocrx_word' id='word_1_326' title='bbox 731 2677 914 2718; x_wconf 72' lang='lat' dir='ltr'>nuperrime</span> 
     </span>
     <span class='ocr_line' id='line_1_47' title="bbox 181 2717 459 2751; baseline -0.004 0"><span class='ocrx_word' id='word_1_327' title='bbox 181 2717 288 2751; x_wconf 68' lang='lat' dir='ltr'>Roma</span> <span class='ocrx_word' id='word_1_328' title='bbox 297 2723 459 2751; x_wconf 77' lang='lat' dir='ltr'>venerant.</span> 
     </span>
    </p>

    <p class='ocr_par' dir='ltr' id='par_1_15' title="bbox 177 2760 918 2894">
     <span class='ocr_line' id='line_1_48' title="bbox 228 2760 918 2802; baseline 0.004 -10"><span class='ocrx_word' id='word_1_329' title='bbox 228 2764 276 2792; x_wconf 77' lang='lat'>1¹3.</span> <span class='ocrx_word' id='word_1_330' title='bbox 300 2762 371 2793; x_wconf 58' lang='lat' dir='ltr'>mlier</span> <span class='ocrx_word' id='word_1_331' title='bbox 383 2773 407 2791; x_wconf 84' lang='lat' dir='ltr'>n</span> <span class='ocrx_word' id='word_1_332' title='bbox 413 2762 424 2792; x_wconf 90' lang='lat' dir='ltr'>i</span> <span class='ocrx_word' id='word_1_333' title='bbox 437 2760 646 2802; x_wconf 66' lang='lat' dir='ltr'>concionem]</span> <span class='ocrx_word' id='word_1_334' title='bbox 660 2765 824 2794; x_wconf 82' lang='lat' dir='ltr'>Antonius</span> <span class='ocrx_word' id='word_1_335' title='bbox 841 2773 918 2794; x_wconf 89' lang='lat' dir='ltr'>con-</span> 
     </span>
     <span class='ocr_line' id='line_1_49' title="bbox 177 2806 916 2846; baseline 0 -10"><span class='ocrx_word' id='word_1_336' title='bbox 177 2806 309 2836; x_wconf 77' lang='lat' dir='ltr'>cionem</span> <span class='ocrx_word' id='word_1_337' title='bbox 326 2806 461 2836; x_wconf 64' lang='lat' dir='ltr'>habuit*</span> <span class='ocrx_word' id='word_1_338' title='bbox 457 2815 488 2835; x_wconf 85' lang='lat' dir='ltr'>in</span> <span class='ocrx_word' id='word_1_339' title='bbox 502 2806 618 2836; x_wconf 81' lang='lat' dir='ltr'>Senatu</span> <span class='ocrx_word' id='word_1_340' title='bbox 631 2816 686 2846; x_wconf 85' lang='lat' dir='ltr'>pro</span> <span class='ocrx_word' id='word_1_341' title='bbox 702 2809 797 2836; x_wconf 71' lang='lat' dir='ltr'>Sexto</span> <span class='ocrx_word' id='word_1_342' title='bbox 817 2808 916 2837; x_wconf 83' lang='lat' dir='ltr'>Pom-</span> 
     </span>
     <span class='ocr_line' id='line_1_50' title="bbox 180 2849 917 2894; baseline 0 -14"><span class='ocrx_word' id='word_1_343' title='bbox 180 2849 265 2894; x_wconf 64' lang='lat' dir='ltr'>pem,</span> <span class='ocrx_word' id='word_1_344' title='bbox 283 2850 342 2881; x_wconf 84' lang='lat' dir='ltr'>Cn.</span> <span class='ocrx_word' id='word_1_345' title='bbox 358 2849 500 2889; x_wconf 65' lang='lat' dir='ltr'>Pompeii</span> <span class='ocrx_word' id='word_1_346' title='bbox 518 2849 625 2889; x_wconf 70' lang='lat' dir='ltr'>ma5ni</span> <span class='ocrx_word' id='word_1_347' title='bbox 641 2850 718 2888; x_wconf 77' lang='lat' dir='ltr'>silio,</span> <span class='ocrx_word' id='word_1_348' title='bbox 729 2851 785 2890; x_wconf 90' lang='lat' dir='ltr'>qui</span> <span class='ocrx_word' id='word_1_349' title='bbox 799 2858 874 2880; x_wconf 84' lang='lat' dir='ltr'>tunc</span> <span class='ocrx_word' id='word_1_350' title='bbox 885 2850 917 2880; x_wconf 90' lang='lat' dir='ltr'>in</span> 
     </span>
    </p>
   </div>
   <div class='ocr_carea' id='block_1_13' title="bbox 187 2028 929 2114">
    <p class='ocr_par' dir='ltr' id='par_1_16' title="bbox 187 2028 929 2114">
     <span class='ocr_line' id='line_1_51' title="bbox 480 2028 929 2060; baseline 0 -2"><span class='ocrx_word' id='word_1_351' title='bbox 480 2031 507 2058; x_wconf 84' lang='grc' dir='ltr'>Α</span> <span class='ocrx_word' id='word_1_352' title='bbox 512 2036 597 2060; x_wconf 85' lang='lat' dir='ltr'>uster</span> <span class='ocrx_word' id='word_1_353' title='bbox 621 2038 741 2060; x_wconf 81' lang='lat' dir='ltr'>ventus</span> <span class='ocrx_word' id='word_1_354' title='bbox 761 2036 809 2060; x_wconf 90' lang='lat' dir='ltr'>est</span> <span class='ocrx_word' id='word_1_355' title='bbox 833 2028 929 2059; x_wconf 86' lang='lat' dir='ltr'>meri-</span> 
     </span>
     <span class='ocr_line' id='line_1_52' title="bbox 187 2071 929 2114; baseline 0 -12"><span class='ocrx_word' id='word_1_356' title='bbox 187 2071 333 2108; x_wconf 72' lang='lat' dir='ltr'>dionalis,</span> <span class='ocrx_word' id='word_1_357' title='bbox 347 2072 524 2103; x_wconf 86' lang='lat' dir='ltr'>contrarius</span> <span class='ocrx_word' id='word_1_358' title='bbox 536 2073 638 2114; x_wconf 86' lang='lat' dir='ltr'>iisqui</span> <span class='ocrx_word' id='word_1_359' title='bbox 650 2086 667 2103; x_wconf 74' lang='lat' dir='ltr'>e</span> <span class='ocrx_word' id='word_1_360' title='bbox 680 2071 829 2104; x_wconf 75' lang='lat' dir='ltr'>Siciliain</span> <span class='ocrx_word' id='word_1_361' title='bbox 841 2073 929 2103; x_wconf 85' lang='lat' dir='ltr'>Grae-</span> 
     </span>
    </p>
   </div>
   <div class='ocr_carea' id='block_1_14' title="bbox 961 1854 1713 2924">
    <p class='ocr_par' dir='ltr' id='par_1_17' title="bbox 964 1854 1713 2198">
     <span class='ocr_line' id='line_1_53' title="bbox 975 1854 1713 1896; baseline 0.001 -11"><span class='ocrx_word' id='word_1_362' title='bbox 975 1855 1053 1896; x_wconf 87' lang='lat' dir='ltr'>Opis</span> <span class='ocrx_word' id='word_1_363' title='bbox 1082 1855 1114 1884; x_wconf 88' lang='lat' dir='ltr'>in</span> <span class='ocrx_word' id='word_1_364' title='bbox 1131 1854 1298 1895; x_wconf 88' lang='lat' dir='ltr'>publicum</span> <span class='ocrx_word' id='word_1_365' title='bbox 1317 1855 1440 1885; x_wconf 76' lang='lat' dir='ltr'>redacta</span> <span class='ocrx_word' id='word_1_366' title='bbox 1455 1862 1555 1892; x_wconf 85' lang='lat' dir='ltr'>crant,</span> <span class='ocrx_word' id='word_1_367' title='bbox 1578 1856 1713 1895; x_wconf 76' lang='lat' dir='ltr'>vigesies</span> 
     </span>
     <span class='ocr_line' id='line_1_54' title="bbox 973 1898 1711 1939; baseline 0.001 -10"><span class='ocrx_word' id='word_1_368' title='bbox 973 1907 1005 1929; x_wconf 90' lang='lat' dir='ltr'>et</span> <span class='ocrx_word' id='word_1_369' title='bbox 1021 1898 1235 1939; x_wconf 81' lang='lat' dir='ltr'>quinquagies</span> <span class='ocrx_word' id='word_1_370' title='bbox 1251 1898 1353 1928; x_wconf 80' lang='lat' dir='ltr'>decies</span> <span class='ocrx_word' id='word_1_371' title='bbox 1365 1898 1454 1929; x_wconf 87' lang='lat' dir='ltr'>mille</span> <span class='ocrx_word' id='word_1_372' title='bbox 1470 1900 1645 1930; x_wconf 82' lang='lat' dir='ltr'>drachmas·</span> <span class='ocrx_word' id='word_1_373' title='bbox 1652 1901 1711 1930; x_wconf 84' lang='lat' dir='ltr'>At-</span> 
     </span>
     <span class='ocr_line' id='line_1_55' title="bbox 975 1941 1710 1980; baseline 0 -8"><span class='ocrx_word' id='word_1_374' title='bbox 975 1944 1050 1972; x_wconf 74' lang='lat' dir='ltr'>ticas</span> <span class='ocrx_word' id='word_1_375' title='bbox 1066 1941 1214 1978; x_wconf 82' lang='lat' dir='ltr'>restituit,</span> <span class='ocrx_word' id='word_1_376' title='bbox 1228 1948 1259 1971; x_wconf 76' lang='lat' dir='ltr'>ei</span> <span class='ocrx_word' id='word_1_377' title='bbox 1269 1941 1451 1980; x_wconf 72' lang='lat' dir='ltr'>praesidium</span> <span class='ocrx_word' id='word_1_378' title='bbox 1466 1941 1562 1973; x_wconf 80' lang='lat' dir='ltr'>maris</span> <span class='ocrx_word' id='word_1_379' title='bbox 1573 1943 1600 1972; x_wconf 86' lang='lat' dir='ltr'>ci</span> <span class='ocrx_word' id='word_1_380' title='bbox 1619 1943 1710 1975; x_wconf 69' lang='lat' dir='ltr'>ins-ti-</span> 
     </span>
     <span class='ocr_line' id='line_1_56' title="bbox 974 1983 1710 2026; baseline 0.001 -11"><span class='ocrx_word' id='word_1_381' title='bbox 974 1985 1020 2016; x_wconf 80' lang='lat' dir='ltr'>tui</span> <span class='ocrx_word' id='word_1_382' title='bbox 1037 1985 1149 2015; x_wconf 76' lang='lat' dir='ltr'>debere</span> <span class='ocrx_word' id='word_1_383' title='bbox 1165 1983 1300 2015; x_wconf 74' lang='lat' dir='ltr'>censuit.</span> <span class='ocrx_word' id='word_1_384' title='bbox 1343 1985 1392 2015; x_wconf 82' lang='lat' dir='ltr'>lta</span> <span class='ocrx_word' id='word_1_385' title='bbox 1408 1984 1506 2026; x_wconf 61' lang='lat' dir='ltr'>vulg&amp;</span> <span class='ocrx_word' id='word_1_386' title='bbox 1526 1996 1638 2016; x_wconf 83' lang='lat' dir='ltr'>omncs</span> <span class='ocrx_word' id='word_1_387' title='bbox 1657 1987 1710 2016; x_wconf 87' lang='lat' dir='ltr'>Ci-</span> 
     </span>
     <span class='ocr_line' id='line_1_57' title="bbox 974 2027 1709 2069; baseline 0.004 -12"><span class='ocrx_word' id='word_1_388' title='bbox 974 2029 1097 2058; x_wconf 79' lang='lat' dir='ltr'>ceronis</span> <span class='ocrx_word' id='word_1_389' title='bbox 1111 2028 1296 2069; x_wconf 76' lang='lat' dir='ltr'>interpretes</span> <span class='ocrx_word' id='word_1_390' title='bbox 1312 2028 1452 2058; x_wconf 78' lang='lat' dir='ltr'>referunt</span> <span class='ocrx_word' id='word_1_391' title='bbox 1465 2040 1474 2066; x_wconf 81' lang='lat'>3</span> <span class='ocrx_word' id='word_1_392' title='bbox 1491 2030 1544 2059; x_wconf 83' lang='lat' dir='ltr'>sed</span> <span class='ocrx_word' id='word_1_393' title='bbox 1558 2027 1620 2069; x_wconf 70' lang='lat' dir='ltr'>qui</span> <span class='ocrx_word' id='word_1_394' title='bbox 1632 2039 1709 2060; x_wconf 79' lang='lat' dir='ltr'>auc-</span> 
     </span>
     <span class='ocr_line' id='line_1_58' title="bbox 975 2070 1708 2111; baseline 0.001 -9"><span class='ocrx_word' id='word_1_395' title='bbox 975 2071 1099 2102; x_wconf 83' lang='lat' dir='ltr'>toritate</span> <span class='ocrx_word' id='word_1_396' title='bbox 1121 2070 1207 2108; x_wconf 81' lang='lat' dir='ltr'>sulti,</span> <span class='ocrx_word' id='word_1_397' title='bbox 1224 2079 1288 2101; x_wconf 88' lang='lat' dir='ltr'>non</span> <span class='ocrx_word' id='word_1_398' title='bbox 1302 2079 1454 2111; x_wconf 84' lang='lat' dir='ltr'>apparet;</span> <span class='ocrx_word' id='word_1_399' title='bbox 1480 2072 1592 2103; x_wconf 84' lang='lat' dir='ltr'>saltem</span> <span class='ocrx_word' id='word_1_400' title='bbox 1608 2073 1708 2104; x_wconf 84' lang='lat' dir='ltr'>credi-</span> 
     </span>
     <span class='ocr_line' id='line_1_59' title="bbox 964 2113 1704 2154; baseline 0.003 -9"><span class='ocrx_word' id='word_1_401' title='bbox 964 2115 1028 2145; x_wconf 90' lang='lat' dir='ltr'>bile</span> <span class='ocrx_word' id='word_1_402' title='bbox 1039 2121 1087 2145; x_wconf 89' lang='lat' dir='ltr'>est</span> <span class='ocrx_word' id='word_1_403' title='bbox 1099 2113 1205 2145; x_wconf 86' lang='lat' dir='ltr'>multa</span> <span class='ocrx_word' id='word_1_404' title='bbox 1224 2114 1307 2144; x_wconf 72' lang='lat' dir='ltr'>bene</span> <span class='ocrx_word' id='word_1_405' title='bbox 1323 2115 1361 2144; x_wconf 87' lang='lat' dir='ltr'>de</span> <span class='ocrx_word' id='word_1_406' title='bbox 1377 2113 1557 2154; x_wconf 65' lang='lat' dir='ltr'>Republica</span> <span class='ocrx_word' id='word_1_407' title='bbox 1574 2116 1704 2152; x_wconf 70' lang='lat' dir='ltr'>dixisse.</span> 
     </span>
     <span class='ocr_line' id='line_1_60' title="bbox 964 2157 1602 2198; baseline 0.002 -10"><span class='ocrx_word' id='word_1_408' title='bbox 964 2168 1038 2198; x_wconf 71' lang='lat' dir='ltr'>quae</span> <span class='ocrx_word' id='word_1_409' title='bbox 1048 2167 1140 2198; x_wconf 84' lang='lat' dir='ltr'>spem</span> <span class='ocrx_word' id='word_1_410' title='bbox 1150 2158 1266 2197; x_wconf 87' lang='lat' dir='ltr'>quictis</span> <span class='ocrx_word' id='word_1_411' title='bbox 1281 2157 1390 2188; x_wconf 81' lang='lat' dir='ltr'>afferre</span> <span class='ocrx_word' id='word_1_412' title='bbox 1403 2159 1602 2189; x_wconf 85' lang='lat' dir='ltr'>videbantur.</span> 
     </span>
    </p>

    <p class='ocr_par' dir='ltr' id='par_1_18' title="bbox 965 2199 1704 2362">
     <span class='ocr_line' id='line_1_61' title="bbox 1010 2199 1704 2243; baseline 0.003 -12"><span class='ocrx_word' id='word_1_413' title='bbox 1010 2202 1060 2232; x_wconf 76' lang='lat'>17.</span> <span class='ocrx_word' id='word_1_414' title='bbox 1078 2200 1210 2231; x_wconf 76' lang='lat' dir='ltr'>Edictum</span> <span class='ocrx_word' id='word_1_415' title='bbox 1222 2200 1311 2230; x_wconf 78' lang='lat' dir='ltr'>Bruti</span> <span class='ocrx_word' id='word_1_416' title='bbox 1321 2204 1347 2230; x_wconf 80' lang='lat' dir='ltr'>et</span> <span class='ocrx_word' id='word_1_417' title='bbox 1366 2199 1492 2243; x_wconf 61' lang='lat' dir='ltr'>Cassii]</span> <span class='ocrx_word' id='word_1_418' title='bbox 1539 2202 1658 2233; x_wconf 85' lang='lat' dir='ltr'>Brutus</span> <span class='ocrx_word' id='word_1_419' title='bbox 1673 2210 1704 2234; x_wconf 89' lang='lat' dir='ltr'>et</span> 
     </span>
     <span class='ocr_line' id='line_1_62' title="bbox 965 2244 1703 2283; baseline 0.003 -9"><span class='ocrx_word' id='word_1_420' title='bbox 965 2244 1095 2275; x_wconf 86' lang='lat' dir='ltr'>Cassius</span> <span class='ocrx_word' id='word_1_421' title='bbox 1107 2244 1253 2275; x_wconf 71' lang='lat' dir='ltr'>Praetores</span> <span class='ocrx_word' id='word_1_422' title='bbox 1262 2244 1376 2274; x_wconf 85' lang='lat' dir='ltr'>urbani</span> <span class='ocrx_word' id='word_1_423' title='bbox 1388 2244 1529 2276; x_wconf 70' lang='lat' dir='ltr'>edictum</span> <span class='ocrx_word' id='word_1_424' title='bbox 1547 2245 1703 2283; x_wconf 87' lang='lat' dir='ltr'>tulerunt,</span> 
     </span>
     <span class='ocr_line' id='line_1_63' title="bbox 967 2288 1704 2328; baseline 0.001 -10"><span class='ocrx_word' id='word_1_425' title='bbox 967 2298 1007 2318; x_wconf 88' lang='lat' dir='ltr'>ne</span> <span class='ocrx_word' id='word_1_426' title='bbox 1022 2288 1075 2318; x_wconf 93' lang='lat' dir='ltr'>cui</span> <span class='ocrx_word' id='word_1_427' title='bbox 1093 2288 1174 2318; x_wconf 80' lang='lat' dir='ltr'>intra</span> <span class='ocrx_word' id='word_1_428' title='bbox 1188 2288 1382 2328; x_wconf 82' lang='lat' dir='ltr'>vigesimum</span> <span class='ocrx_word' id='word_1_429' title='bbox 1399 2297 1523 2319; x_wconf 86' lang='lat' dir='ltr'>annum</span> <span class='ocrx_word' id='word_1_430' title='bbox 1542 2289 1704 2328; x_wconf 74' lang='lat' dir='ltr'>provincia</span> 
     </span>
     <span class='ocr_line' id='line_1_64' title="bbox 965 2331 1138 2362; baseline 0 -1"><span class='ocrx_word' id='word_1_431' title='bbox 965 2331 1138 2362; x_wconf 77' lang='lat' dir='ltr'>obveniret.</span> 
     </span>
    </p>

    <p class='ocr_par' dir='ltr' id='par_1_19' title="bbox 962 2371 1702 2492">
     <span class='ocr_line' id='line_1_65' title="bbox 1006 2371 1702 2415; baseline 0.003 -12"><span class='ocrx_word' id='word_1_432' title='bbox 1006 2375 1058 2406; x_wconf 76' lang='lat'>22.</span> <span class='ocrx_word' id='word_1_433' title='bbox 1081 2376 1151 2405; x_wconf 75' lang='lat' dir='ltr'>Rem</span> <span class='ocrx_word' id='word_1_434' title='bbox 1165 2371 1396 2415; x_wconf 62' lang='lat' dir='ltr'>convetuuram]</span> <span class='ocrx_word' id='word_1_435' title='bbox 1416 2373 1452 2405; x_wconf 81' lang='lat' dir='ltr'>ld</span> <span class='ocrx_word' id='word_1_436' title='bbox 1463 2381 1523 2412; x_wconf 86' lang='lat' dir='ltr'>est,</span> <span class='ocrx_word' id='word_1_437' title='bbox 1534 2373 1702 2413; x_wconf 82' lang='lat' dir='ltr'>Rempub·</span> 
     </span>
     <span class='ocr_line' id='line_1_66' title="bbox 962 2417 1701 2457; baseline 0.001 -9"><span class='ocrx_word' id='word_1_438' title='bbox 962 2417 1060 2449; x_wconf 85' lang='lat' dir='ltr'>licam</span> <span class='ocrx_word' id='word_1_439' title='bbox 1079 2418 1249 2448; x_wconf 86' lang='lat' dir='ltr'>redituram</span> <span class='ocrx_word' id='word_1_440' title='bbox 1261 2418 1299 2448; x_wconf 87' lang='lat' dir='ltr'>ad</span> <span class='ocrx_word' id='word_1_441' title='bbox 1313 2426 1436 2457; x_wconf 86' lang='lat' dir='ltr'>pacem,</span> <span class='ocrx_word' id='word_1_442' title='bbox 1451 2419 1636 2457; x_wconf 72' lang='lat' dir='ltr'>compositis</span> <span class='ocrx_word' id='word_1_443' title='bbox 1653 2419 1701 2449; x_wconf 87' lang='lat' dir='ltr'>in·</span> 
     </span>
     <span class='ocr_line' id='line_1_67' title="bbox 962 2461 1676 2492; baseline 0 0"><span class='ocrx_word' id='word_1_444' title='bbox 962 2468 1008 2492; x_wconf 84' lang='lat' dir='ltr'>ter</span> <span class='ocrx_word' id='word_1_445' title='bbox 1023 2471 1055 2492; x_wconf 87' lang='lat' dir='ltr'>se</span> <span class='ocrx_word' id='word_1_446' title='bbox 1067 2461 1197 2492; x_wconf 77' lang='lat' dir='ltr'>Caesaris</span> <span class='ocrx_word' id='word_1_447' title='bbox 1210 2461 1463 2491; x_wconf 79' lang='lat' dir='ltr'>interlectoribus</span> <span class='ocrx_word' id='word_1_448' title='bbox 1476 2468 1507 2492; x_wconf 84' lang='lat' dir='ltr'>et</span> <span class='ocrx_word' id='word_1_449' title='bbox 1524 2463 1676 2492; x_wconf 80' lang='lat' dir='ltr'>Antonio.</span> 
     </span>
    </p>

    <p class='ocr_par' dir='ltr' id='par_1_20' title="bbox 961 2502 1699 2672">
     <span class='ocr_line' id='line_1_68' title="bbox 1005 2502 1699 2546; baseline 0 -11"><span class='ocrx_word' id='word_1_450' title='bbox 1005 2505 1057 2535; x_wconf 73' lang='lat'>24.</span> <span class='ocrx_word' id='word_1_451' title='bbox 1067 2502 1364 2546; x_wconf 51' lang='lat' dir='ltr'>Mala-suasoribus]</span> <span class='ocrx_word' id='word_1_452' title='bbox 1379 2504 1476 2534; x_wconf 80' lang='lat' dir='ltr'>Multi</span> <span class='ocrx_word' id='word_1_453' title='bbox 1488 2504 1543 2534; x_wconf 82' lang='lat' dir='ltr'>viri</span> <span class='ocrx_word' id='word_1_454' title='bbox 1551 2505 1699 2543; x_wconf 83' lang='lat' dir='ltr'>audaces,</span> 
     </span>
     <span class='ocr_line' id='line_1_69' title="bbox 961 2546 1698 2588; baseline 0.001 -10"><span class='ocrx_word' id='word_1_455' title='bbox 961 2554 992 2578; x_wconf 91' lang='lat' dir='ltr'>et</span> <span class='ocrx_word' id='word_1_456' title='bbox 1012 2547 1109 2588; x_wconf 88' lang='lat' dir='ltr'>parati</span> <span class='ocrx_word' id='word_1_457' title='bbox 1127 2546 1164 2577; x_wconf 89' lang='lat' dir='ltr'>ad</span> <span class='ocrx_word' id='word_1_458' title='bbox 1181 2547 1336 2588; x_wconf 74' lang='lat' dir='ltr'>praedam,</span> <span class='ocrx_word' id='word_1_459' title='bbox 1351 2549 1535 2577; x_wconf 85' lang='lat' dir='ltr'>Antonium</span> <span class='ocrx_word' id='word_1_460' title='bbox 1553 2548 1584 2577; x_wconf 89' lang='lat' dir='ltr'>in</span> <span class='ocrx_word' id='word_1_461' title='bbox 1598 2548 1698 2579; x_wconf 87' lang='lat' dir='ltr'>Rem-</span> 
     </span>
     <span class='ocr_line' id='line_1_70' title="bbox 962 2590 1698 2631; baseline 0.001 -10.014"><span class='ocrx_word' id='word_1_462' title='bbox 962 2591 1126 2631; x_wconf 84' lang='lat' dir='ltr'>publicam</span> <span class='ocrx_word' id='word_1_463' title='bbox 1151 2598 1183 2621; x_wconf 87' lang='lat' dir='ltr'>ct</span> <span class='ocrx_word' id='word_1_464' title='bbox 1202 2592 1287 2621; x_wconf 89' lang='lat' dir='ltr'>cives</span> <span class='ocrx_word' id='word_1_465' title='bbox 1310 2591 1548 2627; x_wconf 79' lang='lat' dir='ltr'>accendebant3</span> <span class='ocrx_word' id='word_1_466' title='bbox 1586 2590 1698 2631; x_wconf 76' lang='lat' dir='ltr'>quales</span> 
     </span>
     <span class='ocr_line' id='line_1_71' title="bbox 961 2602 1662 2672; baseline -0.001 -8"><span class='ocrx_word' id='word_1_467' title='bbox 961 2602 1048 2664; x_wconf 68' lang='lat' dir='ltr'>luere</span> <span class='ocrx_word' id='word_1_468' title='bbox 1065 2633 1188 2672; x_wconf 78' lang='lat' dir='ltr'>Capho,</span> <span class='ocrx_word' id='word_1_469' title='bbox 1206 2635 1300 2668; x_wconf 77' lang='lat' dir='ltr'>Saxa,</span> <span class='ocrx_word' id='word_1_470' title='bbox 1317 2632 1662 2669; x_wconf 71' lang='lat' dir='ltr'>Mustella,&#39;ramisius.</span> 
     </span>
    </p>

    <p class='ocr_par' dir='ltr' id='par_1_21' title="bbox 961 2674 1698 2891">
     <span class='ocr_line' id='line_1_72' title="bbox 1005 2674 1696 2718; baseline -0.001 -10"><span class='ocrx_word' id='word_1_471' title='bbox 1005 2678 1050 2708; x_wconf 76' lang='lat' dir='ltr'>lb.</span> <span class='ocrx_word' id='word_1_472' title='bbox 1079 2677 1212 2707; x_wconf 65' lang='lat' dir='ltr'>Remiisis</span> <span class='ocrx_word' id='word_1_473' title='bbox 1226 2674 1357 2714; x_wconf 64' lang='lat' dir='ltr'>Galliis.)</span> <span class='ocrx_word' id='word_1_474' title='bbox 1381 2675 1418 2706; x_wconf 90' lang='lat' dir='ltr'>In</span> <span class='ocrx_word' id='word_1_475' title='bbox 1439 2677 1603 2707; x_wconf 80' lang='lat' dir='ltr'>sortitione</span> <span class='ocrx_word' id='word_1_476' title='bbox 1625 2687 1696 2718; x_wconf 85' lang='lat' dir='ltr'>pro-</span> 
     </span>
     <span class='ocr_line' id='line_1_73' title="bbox 961 2718 1697 2760; baseline 0.001 -10"><span class='ocrx_word' id='word_1_477' title='bbox 961 2721 1154 2755; x_wconf 80' lang='lat' dir='ltr'>vinciarum,</span> <span class='ocrx_word' id='word_1_478' title='bbox 1171 2719 1332 2760; x_wconf 72' lang='lat' dir='ltr'>Cisalpina</span> <span class='ocrx_word' id='word_1_479' title='bbox 1351 2720 1395 2748; x_wconf 89' lang='lat' dir='ltr'>D.</span> <span class='ocrx_word' id='word_1_480' title='bbox 1415 2718 1526 2757; x_wconf 82' lang='lat' dir='ltr'>Bruto,</span> <span class='ocrx_word' id='word_1_481' title='bbox 1544 2720 1697 2751; x_wconf 77' lang='lat' dir='ltr'>Transal-</span> 
     </span>
     <span class='ocr_line' id='line_1_74' title="bbox 962 2761 1697 2803; baseline 0.003 -10"><span class='ocrx_word' id='word_1_482' title='bbox 962 2764 1037 2803; x_wconf 76' lang='lat' dir='ltr'>piria</span> <span class='ocrx_word' id='word_1_483' title='bbox 1049 2763 1162 2794; x_wconf 82' lang='lat' dir='ltr'>Planco</span> <span class='ocrx_word' id='word_1_484' title='bbox 1170 2768 1325 2793; x_wconf 82' lang='lat' dir='ltr'>evenerat.</span> <span class='ocrx_word' id='word_1_485' title='bbox 1338 2761 1534 2802; x_wconf 72' lang='lat' dir='ltr'>Cisalpinam</span> <span class='ocrx_word' id='word_1_486' title='bbox 1543 2763 1697 2795; x_wconf 75' lang='lat' dir='ltr'>Macedo-</span> 
     </span>
     <span class='ocr_line' id='line_1_75' title="bbox 961 2804 1698 2846; baseline -0.001 -8"><span class='ocrx_word' id='word_1_487' title='bbox 961 2807 1022 2838; x_wconf 79' lang='lat' dir='ltr'>niae</span> <span class='ocrx_word' id='word_1_488' title='bbox 1034 2806 1117 2842; x_wconf 87' lang='lat' dir='ltr'>loco,</span> <span class='ocrx_word' id='word_1_489' title='bbox 1138 2816 1212 2846; x_wconf 78' lang='lat' dir='ltr'>qua:</span> <span class='ocrx_word' id='word_1_490' title='bbox 1229 2805 1256 2835; x_wconf 88' lang='lat' dir='ltr'>ci</span> <span class='ocrx_word' id='word_1_491' title='bbox 1273 2805 1439 2844; x_wconf 82' lang='lat' dir='ltr'>obtigerat,</span> <span class='ocrx_word' id='word_1_492' title='bbox 1455 2804 1471 2836; x_wconf 73' lang='lat' dir='ltr'>a</span> <span class='ocrx_word' id='word_1_493' title='bbox 1495 2807 1613 2837; x_wconf 78' lang='lat' dir='ltr'>Senatu</span> <span class='ocrx_word' id='word_1_494' title='bbox 1633 2808 1698 2837; x_wconf 73' lang='lat' dir='ltr'>An-</span> 
     </span>
     <span class='ocr_line' id='line_1_76' title="bbox 963 2848 1695 2891; baseline 0.001 -12"><span class='ocrx_word' id='word_1_495' title='bbox 963 2849 1069 2880; x_wconf 79' lang='lat' dir='ltr'>tonius</span> <span class='ocrx_word' id='word_1_496' title='bbox 1081 2848 1273 2889; x_wconf 74' lang='lat' dir='ltr'>postulabar,</span> <span class='ocrx_word' id='word_1_497' title='bbox 1290 2855 1324 2879; x_wconf 88' lang='lat' dir='ltr'>ut</span> <span class='ocrx_word' id='word_1_498' title='bbox 1340 2849 1435 2880; x_wconf 82' lang='lat' dir='ltr'>refert</span> <span class='ocrx_word' id='word_1_499' title='bbox 1452 2851 1620 2891; x_wconf 76' lang='lat' dir='ltr'>Appianus</span> <span class='ocrx_word' id='word_1_500' title='bbox 1641 2849 1695 2881; x_wconf 84' lang='lat' dir='ltr'>lib.</span> 
     </span>
    </p>

    <p class='ocr_par' dir='ltr' id='par_1_22' title="bbox 1582 2893 1698 2924">
     <span class='ocr_line' id='line_1_77' title="bbox 1582 2893 1698 2924; baseline 0 -1"><span class='ocrx_word' id='word_1_501' title='bbox 1582 2894 1610 2923; x_wconf 79' lang='lat'>2.</span> <span class='ocrx_word' id='word_1_502' title='bbox 1625 2893 1698 2924; x_wconf 68' lang='lat' dir='ltr'>bz-lli</span> 
     </span>
    </p>
   </div>
  </div>
 </body>
</html>
