<?xml version="1.0" encoding="UTF-8"?>
<!DOCTYPE html PUBLIC "-//W3C//DTD XHTML 1.0 Transitional//EN"
    "http://www.w3.org/TR/xhtml1/DTD/xhtml1-transitional.dtd">
<html xmlns="http://www.w3.org/1999/xhtml" xml:lang="en" lang="en">
 <head>
  <title>
</title>
<meta http-equiv="Content-Type" content="text/html;charset=utf-8" />
  <meta name='ocr-system' content='tesseract 3.04.00' />
  <meta name='ocr-capabilities' content='ocr_page ocr_carea ocr_par ocr_line ocrx_word'/>
</head>
<body>
  <div class='ocr_page' id='page_1' title='image "./orationesquaedam00ciceuoft/orationesquaedam00ciceuoft_0280.png"; bbox 0 0 1872 3135; ppageno 0'>
   <div class='ocr_carea' id='block_1_1' title="bbox 62 170 1696 2068">
    <p class='ocr_par' dir='ltr' id='par_1_1' title="bbox 62 170 1689 1895">
     <span class='ocr_line' id='line_1_1' title="bbox 77 170 1246 216; baseline 0.003 -3"><span class='ocrx_word' id='word_1_1' title='bbox 77 178 156 213; x_wconf 66' lang='lat'><strong>³:53</strong></span> <span class='ocrx_word' id='word_1_2' title='bbox 586 174 649 215; x_wconf 81' lang='lat' dir='ltr'><strong>M.</strong></span> <span class='ocrx_word' id='word_1_3' title='bbox 679 172 890 215; x_wconf 81' lang='lat' dir='ltr'>TULLII</span> <span class='ocrx_word' id='word_1_4' title='bbox 923 170 1246 216; x_wconf 84' lang='lat' dir='ltr'>CICERONIS</span> 
     </span>
     <span class='ocr_line' id='line_1_2' title="bbox 144 285 1686 342; baseline 0.003 -16"><span class='ocrx_word' id='word_1_5' title='bbox 144 299 193 326; x_wconf 83' lang='lat' dir='ltr'><strong>ex</strong></span> <span class='ocrx_word' id='word_1_6' title='bbox 215 285 398 340; x_wconf 85' lang='lat' dir='ltr'><strong>partibus</strong></span> <span class='ocrx_word' id='word_1_7' title='bbox 421 301 564 342; x_wconf 85' lang='lat' dir='ltr'><strong>oppre</strong></span> <span class='ocrx_word' id='word_1_8' title='bbox 571 291 613 326; x_wconf 72' lang='lat' dir='ltr'><strong>sa</strong></span> <span class='ocrx_word' id='word_1_9' title='bbox 631 300 751 326; x_wconf 78' lang='lat' dir='ltr'><strong>mens</strong></span> <span class='ocrx_word' id='word_1_10' title='bbox 771 299 832 326; x_wconf 74' lang='lat' dir='ltr'><strong>ess</strong></span> <span class='ocrx_word' id='word_1_11' title='bbox 836 294 890 337; x_wconf 85' lang='lat' dir='ltr'><strong>et,</strong></span> <span class='ocrx_word' id='word_1_12' title='bbox 911 296 1142 331; x_wconf 84' lang='lat' dir='ltr'><strong>extremum</strong></span> <span class='ocrx_word' id='word_1_13' title='bbox 1164 302 1330 329; x_wconf 87' lang='lat' dir='ltr'><strong>sensum</strong></span> <span class='ocrx_word' id='word_1_14' title='bbox 1357 287 1407 329; x_wconf 85' lang='lat' dir='ltr'><strong>ad</strong></span> <span class='ocrx_word' id='word_1_15' title='bbox 1427 287 1686 336; x_wconf 39' lang='lat' dir='ltr'><strong>memoriam*</strong></span> 
     </span>
     <span class='ocr_line' id='line_1_3' title="bbox 76 342 1676 402; baseline 0.001 -16"><span class='ocrx_word' id='word_1_16' title='bbox 76 354 128 386; x_wconf 79' lang='lat'><strong>45</strong></span> <span class='ocrx_word' id='word_1_17' title='bbox 144 342 240 398; x_wconf 85' lang='lat' dir='ltr'><strong>reip.</strong></span> <span class='ocrx_word' id='word_1_18' title='bbox 263 343 513 384; x_wconf 78' lang='lat' dir='ltr'><strong>reservabat:</strong></span> <span class='ocrx_word' id='word_1_19' title='bbox 548 345 650 383; x_wconf 82' lang='lat' dir='ltr'><strong>cum</strong></span> <span class='ocrx_word' id='word_1_20' title='bbox 678 357 746 382; x_wconf 86' lang='lat' dir='ltr'><strong>me</strong></span> <span class='ocrx_word' id='word_1_21' title='bbox 768 342 931 385; x_wconf 82' lang='lat' dir='ltr'><strong>intuens</strong></span> <span class='ocrx_word' id='word_1_22' title='bbox 952 345 1120 388; x_wconf 78' lang='lat' dir='ltr'><strong>flentem</strong></span> <span class='ocrx_word' id='word_1_23' title='bbox 1141 344 1417 402; x_wconf 84' lang='lat' dir='ltr'><strong>significabat,</strong></span> <span class='ocrx_word' id='word_1_24' title='bbox 1440 345 1676 402; x_wconf 81' lang='lat' dir='ltr'>interruptis</span> 
     </span>
     <span class='ocr_line' id='line_1_4' title="bbox 145 399 1674 458; baseline 0.003 -17"><span class='ocrx_word' id='word_1_25' title='bbox 145 409 269 457; x_wconf 77' lang='lat' dir='ltr'><strong>atque</strong></span> <span class='ocrx_word' id='word_1_26' title='bbox 307 401 579 442; x_wconf 76' lang='lat' dir='ltr'><strong>morientibus</strong></span> <span class='ocrx_word' id='word_1_27' title='bbox 637 399 823 451; x_wconf 75' lang='lat' dir='ltr'><strong>vocibus,</strong></span> <span class='ocrx_word' id='word_1_28' title='bbox 868 412 1023 457; x_wconf 86' lang='lat' dir='ltr'><strong>quanta</strong></span> <span class='ocrx_word' id='word_1_29' title='bbox 1070 403 1323 457; x_wconf 79' lang='lat' dir='ltr'>impenderet</span> <span class='ocrx_word' id='word_1_30' title='bbox 1360 402 1537 458; x_wconf 85' lang='lat' dir='ltr'><strong>procella</strong></span> <span class='ocrx_word' id='word_1_31' title='bbox 1560 403 1674 455; x_wconf 86' lang='lat' dir='ltr'><strong>urbi,</strong></span> 
     </span>
     <span class='ocr_line' id='line_1_5' title="bbox 141 456 1674 523; baseline 0.003 -25"><span class='ocrx_word' id='word_1_32' title='bbox 141 467 294 513; x_wconf 87' lang='lat' dir='ltr'><strong>quanta</strong></span> <span class='ocrx_word' id='word_1_33' title='bbox 317 467 534 513; x_wconf 72' lang='lat' dir='ltr'>tempestas</span> <span class='ocrx_word' id='word_1_34' title='bbox 557 456 736 498; x_wconf 79' lang='lat' dir='ltr'><strong>civitati:</strong></span> <span class='ocrx_word' id='word_1_35' title='bbox 782 467 822 499; x_wconf 86' lang='lat' dir='ltr'><strong>et</strong></span> <span class='ocrx_word' id='word_1_36' title='bbox 859 461 959 500; x_wconf 71' lang='lat' dir='ltr'><strong>esim</strong></span> <span class='ocrx_word' id='word_1_37' title='bbox 1001 471 1196 523; x_wconf 78' lang='lat' dir='ltr'><strong>parietem</strong></span> <span class='ocrx_word' id='word_1_38' title='bbox 1231 474 1341 516; x_wconf 86' lang='lat' dir='ltr'><strong>saepe</strong></span> <span class='ocrx_word' id='word_1_39' title='bbox 1378 459 1524 502; x_wconf 84' lang='lat' dir='ltr'><strong>feriens</strong></span> <span class='ocrx_word' id='word_1_40' title='bbox 1559 476 1674 513; x_wconf 87' lang='lat' dir='ltr'><strong>eum,</strong></span> 
     </span>
     <span class='ocr_line' id='line_1_6' title="bbox 140 513 1674 574; baseline 0.004 -20"><span class='ocrx_word' id='word_1_41' title='bbox 140 529 211 570; x_wconf 82' lang='lat' dir='ltr'><strong>qui</strong></span> <span class='ocrx_word' id='word_1_42' title='bbox 229 529 325 555; x_wconf 88' lang='lat' dir='ltr'><strong>cum</strong></span> <span class='ocrx_word' id='word_1_43' title='bbox 341 515 401 556; x_wconf 77' lang='lat' dir='ltr'><strong>Q.</strong></span> <span class='ocrx_word' id='word_1_44' title='bbox 422 514 573 556; x_wconf 89' lang='lat' dir='ltr'><strong>Catulo</strong></span> <span class='ocrx_word' id='word_1_45' title='bbox 593 513 724 556; x_wconf 74' lang='lat' dir='ltr'><strong>tuerat</strong></span> <span class='ocrx_word' id='word_1_46' title='bbox 741 513 776 555; x_wconf 90' lang='lat' dir='ltr'><strong>ei</strong></span> <span class='ocrx_word' id='word_1_47' title='bbox 795 516 1049 567; x_wconf 71' lang='lat' dir='ltr'><strong>communis,</strong></span> <span class='ocrx_word' id='word_1_48' title='bbox 1067 517 1211 558; x_wconf 75' lang='lat' dir='ltr'><strong>crebro</strong></span> <span class='ocrx_word' id='word_1_49' title='bbox 1225 516 1442 568; x_wconf 88' lang='lat' dir='ltr'>Catulum,</span> <span class='ocrx_word' id='word_1_50' title='bbox 1456 532 1571 574; x_wconf 84' lang='lat' dir='ltr'><strong>saepe</strong></span> <span class='ocrx_word' id='word_1_51' title='bbox 1588 534 1674 570; x_wconf 85' lang='lat' dir='ltr'><strong>me,</strong></span> 
     </span>
     <span class='ocr_line' id='line_1_7' title="bbox 140 571 1675 642; baseline 0.005 -31"><span class='ocrx_word' id='word_1_52' title='bbox 140 571 368 626; x_wconf 76' lang='lat' dir='ltr'><strong>saepissime</strong></span> <span class='ocrx_word' id='word_1_53' title='bbox 392 571 692 642; x_wconf 79' lang='lat' dir='ltr'>rempublicam</span> <span class='ocrx_word' id='word_1_54' title='bbox 716 572 990 615; x_wconf 77' lang='lat' dir='ltr'><strong>nominabat·</strong></span> <span class='ocrx_word' id='word_1_55' title='bbox 976 606 990 627; x_wconf 87' lang='lat'><strong><em>,</em></strong></span> <span class='ocrx_word' id='word_1_56' title='bbox 1025 584 1069 615; x_wconf 88' lang='lat' dir='ltr'><strong>ut</strong></span> <span class='ocrx_word' id='word_1_57' title='bbox 1093 589 1179 616; x_wconf 90' lang='lat' dir='ltr'><strong>non</strong></span> <span class='ocrx_word' id='word_1_58' title='bbox 1201 580 1286 616; x_wconf 88' lang='lat' dir='ltr'><strong>tam</strong></span> <span class='ocrx_word' id='word_1_59' title='bbox 1315 589 1356 615; x_wconf 85' lang='lat' dir='ltr'><strong>se</strong></span> <span class='ocrx_word' id='word_1_60' title='bbox 1376 575 1520 627; x_wconf 82' lang='lat' dir='ltr'><strong>emori,</strong></span> <span class='ocrx_word' id='word_1_61' title='bbox 1543 591 1675 632; x_wconf 77' lang='lat' dir='ltr'><strong>quam</strong></span> 
     </span>
     <span class='ocr_line' id='line_1_8' title="bbox 74 629 1674 693; baseline 0.003 -23.013"><span class='ocrx_word' id='word_1_62' title='bbox 74 640 128 673; x_wconf 81' lang='lat'><strong>50</strong></span> <span class='ocrx_word' id='word_1_63' title='bbox 139 629 265 683; x_wconf 72' lang='lat' dir='ltr'><strong>spolia</strong></span> <span class='ocrx_word' id='word_1_64' title='bbox 272 644 302 668; x_wconf 70' lang='lat' dir='ltr'><strong>rr</strong></span> <span class='ocrx_word' id='word_1_65' title='bbox 321 643 393 669; x_wconf 87' lang='lat' dir='ltr'><strong>suo</strong></span> <span class='ocrx_word' id='word_1_66' title='bbox 415 630 609 684; x_wconf 70' lang='lat' dir='ltr'><strong>prasidio</strong></span> <span class='ocrx_word' id='word_1_67' title='bbox 628 632 727 671; x_wconf 81' lang='lat' dir='ltr'><strong>cum</strong></span> <span class='ocrx_word' id='word_1_68' title='bbox 747 631 941 693; x_wconf 80' lang='lat' dir='ltr'><strong>patriam,</strong></span> <span class='ocrx_word' id='word_1_69' title='bbox 960 633 1052 674; x_wconf 77' lang='lat' dir='ltr'><strong>tum</strong></span> <span class='ocrx_word' id='word_1_70' title='bbox 1074 631 1199 674; x_wconf 87' lang='lat' dir='ltr'><strong>etiam</strong></span> <span class='ocrx_word' id='word_1_71' title='bbox 1221 647 1289 672; x_wconf 88' lang='lat' dir='ltr'><strong>me</strong></span> <span class='ocrx_word' id='word_1_72' title='bbox 1307 630 1472 672; x_wconf 80' lang='lat' dir='ltr'><strong>doleret.</strong></span> <span class='ocrx_word' id='word_1_73' title='bbox 1530 633 1674 678; x_wconf 72' lang='lat' dir='ltr'><strong>Quem</strong></span> 
     </span>
     <span class='ocr_line' id='line_1_9' title="bbox 138 685 1673 752; baseline 0.004 -26"><span class='ocrx_word' id='word_1_74' title='bbox 138 686 306 741; x_wconf 83' lang='lat' dir='ltr'><strong>quidem</strong></span> <span class='ocrx_word' id='word_1_75' title='bbox 338 685 471 727; x_wconf 81' lang='lat' dir='ltr'><strong>virum</strong></span> <span class='ocrx_word' id='word_1_76' title='bbox 504 703 536 728; x_wconf 69' lang='grc' dir='ltr'><strong>ει</strong></span> <span class='ocrx_word' id='word_1_77' title='bbox 570 686 684 728; x_wconf 82' lang='lat' dir='ltr'><strong>nulla</strong></span> <span class='ocrx_word' id='word_1_78' title='bbox 719 702 778 729; x_wconf 82' lang='lat' dir='ltr'><strong>vls</strong></span> <span class='ocrx_word' id='word_1_79' title='bbox 815 689 1029 743; x_wconf 86' lang='lat' dir='ltr'><strong>repentini</strong></span> <span class='ocrx_word' id='word_1_80' title='bbox 1039 689 1198 731; x_wconf 73' lang='lat' dir='ltr'><strong>sceleris</strong></span> <span class='ocrx_word' id='word_1_81' title='bbox 1221 689 1465 740; x_wconf 76' lang='lat' dir='ltr'>sustulisset,</span> <span class='ocrx_word' id='word_1_82' title='bbox 1489 702 1673 752; x_wconf 78' lang='lat' dir='ltr'><strong>quonam</strong></span> 
     </span>
     <span class='ocr_line' id='line_1_10' title="bbox 136 742 1672 802; baseline 0.004 -20"><span class='ocrx_word' id='word_1_83' title='bbox 136 743 261 783; x_wconf 84' lang='lat' dir='ltr'><strong>modo</strong></span> <span class='ocrx_word' id='word_1_84' title='bbox 285 742 350 784; x_wconf 88' lang='lat' dir='ltr'><strong>ille</strong></span> <span class='ocrx_word' id='word_1_85' title='bbox 370 743 522 785; x_wconf 87' lang='lat' dir='ltr'><strong>furenti</strong></span> <span class='ocrx_word' id='word_1_86' title='bbox 544 743 657 786; x_wconf 84' lang='lat' dir='ltr'><strong>fratri</strong></span> <span class='ocrx_word' id='word_1_87' title='bbox 690 759 764 786; x_wconf 85' lang='lat' dir='ltr'><strong>suo</strong></span> <span class='ocrx_word' id='word_1_88' title='bbox 785 747 955 800; x_wconf 82' lang='lat' dir='ltr'>patrueli</span> <span class='ocrx_word' id='word_1_89' title='bbox 978 747 1206 788; x_wconf 72' lang='lat' dir='ltr'><strong>consularis</strong></span> <span class='ocrx_word' id='word_1_90' title='bbox 1229 746 1396 788; x_wconf 72' lang='lat' dir='ltr'><strong>restitiSs</strong></span> <span class='ocrx_word' id='word_1_91' title='bbox 1383 755 1456 798; x_wconf 84' lang='lat' dir='ltr'><strong>et,</strong></span> <span class='ocrx_word' id='word_1_92' title='bbox 1475 750 1546 802; x_wconf 85' lang='lat' dir='ltr'><strong>qui</strong></span> <span class='ocrx_word' id='word_1_93' title='bbox 1568 761 1672 788; x_wconf 87' lang='lat' dir='ltr'><strong>eon-</strong></span> 
     </span>
     <span class='ocr_line' id='line_1_11' title="bbox 136 800 1672 858; baseline 0.003 -18"><span class='ocrx_word' id='word_1_94' title='bbox 136 800 196 840; x_wconf 80' lang='lat' dir='ltr'><strong>sul</strong></span> <span class='ocrx_word' id='word_1_95' title='bbox 221 800 489 856; x_wconf 53' lang='lat' dir='ltr'><strong>incipientem</strong></span> <span class='ocrx_word' id='word_1_96' title='bbox 522 801 652 844; x_wconf 89' lang='lat' dir='ltr'><strong>furere</strong></span> <span class='ocrx_word' id='word_1_97' title='bbox 672 813 795 858; x_wconf 81' lang='lat' dir='ltr'><strong>atque</strong></span> <span class='ocrx_word' id='word_1_98' title='bbox 816 810 1054 855; x_wconf 80' lang='lat' dir='ltr'><strong>conantem,</strong></span> <span class='ocrx_word' id='word_1_99' title='bbox 1084 820 1159 845; x_wconf 78' lang='lat' dir='ltr'><strong>sua</strong></span> <span class='ocrx_word' id='word_1_100' title='bbox 1197 819 1239 845; x_wconf 85' lang='lat' dir='ltr'><strong>se</strong></span> <span class='ocrx_word' id='word_1_101' title='bbox 1271 819 1398 845; x_wconf 84' lang='lat' dir='ltr'><strong>mauu</strong></span> <span class='ocrx_word' id='word_1_102' title='bbox 1433 803 1672 846; x_wconf 77' lang='lat' dir='ltr'><strong>interfectu-</strong></span> 
     </span>
     <span class='ocr_line' id='line_1_12' title="bbox 136 858 1676 923; baseline 0.004 -25"><span class='ocrx_word' id='word_1_103' title='bbox 136 872 245 909; x_wconf 84' lang='lat' dir='ltr'><strong>rum,</strong></span> <span class='ocrx_word' id='word_1_104' title='bbox 265 858 455 900; x_wconf 80' lang='lat' dir='ltr'><strong>audiente</strong></span> <span class='ocrx_word' id='word_1_105' title='bbox 488 860 659 910; x_wconf 83' lang='lat' dir='ltr'><strong>Senatu,</strong></span> <span class='ocrx_word' id='word_1_106' title='bbox 692 859 869 902; x_wconf 85' lang='lat' dir='ltr'><strong>dixerit?</strong></span> <span class='ocrx_word' id='word_1_107' title='bbox 923 863 988 903; x_wconf 84' lang='lat' dir='ltr'><strong>Ex</strong></span> <span class='ocrx_word' id='word_1_108' title='bbox 1019 863 1099 903; x_wconf 88' lang='lat' dir='ltr'><strong>hac</strong></span> <span class='ocrx_word' id='word_1_109' title='bbox 1137 861 1263 918; x_wconf 81' lang='lat' dir='ltr'><strong>igitur.</strong></span> <span class='ocrx_word' id='word_1_110' title='bbox 1295 862 1420 904; x_wconf 90' lang='lat' dir='ltr'><strong>domo</strong></span> <span class='ocrx_word' id='word_1_111' title='bbox 1447 870 1676 923; x_wconf 78' lang='lat' dir='ltr'><strong>progressa</strong></span> 
     </span>
     <span class='ocr_line' id='line_1_13' title="bbox 68 910 1673 984; baseline 0.004 -29"><span class='ocrx_word' id='word_1_112' title='bbox 68 928 118 960; x_wconf 73' lang='lat'><strong>55</strong></span> <span class='ocrx_word' id='word_1_113' title='bbox 134 914 210 956; x_wconf 72' lang='lat' dir='ltr'><strong>ista</strong></span> <span class='ocrx_word' id='word_1_114' title='bbox 247 915 395 958; x_wconf 87' lang='lat' dir='ltr'><strong>mulier</strong></span> <span class='ocrx_word' id='word_1_115' title='bbox 425 916 474 957; x_wconf 90' lang='lat' dir='ltr'><strong>de</strong></span> <span class='ocrx_word' id='word_1_116' title='bbox 513 917 659 958; x_wconf 85' lang='lat' dir='ltr'><strong>veneni</strong></span> <span class='ocrx_word' id='word_1_117' title='bbox 695 917 898 960; x_wconf 81' lang='lat' dir='ltr'><strong>celeritate</strong></span> <span class='ocrx_word' id='word_1_118' title='bbox 939 919 1074 964; x_wconf 87' lang='lat' dir='ltr'><strong>dicere</strong></span> <span class='ocrx_word' id='word_1_119' title='bbox 1101 910 1298 962; x_wconf 82' lang='lat' dir='ltr'><strong>audebit?</strong></span> <span class='ocrx_word' id='word_1_120' title='bbox 1352 935 1492 961; x_wconf 82' lang='lat' dir='ltr'><strong>nonne</strong></span> <span class='ocrx_word' id='word_1_121' title='bbox 1540 934 1673 984; x_wconf 74' lang='lat' dir='ltr'><strong>ipsam</strong></span> 
     </span>
     <span class='ocr_line' id='line_1_14' title="bbox 133 973 1672 1032; baseline 0.003 -19"><span class='ocrx_word' id='word_1_122' title='bbox 133 973 312 1014; x_wconf 86' lang='lat' dir='ltr'><strong>domum</strong></span> <span class='ocrx_word' id='word_1_123' title='bbox 352 984 522 1026; x_wconf 86' lang='lat' dir='ltr'><strong>metuet,</strong></span> <span class='ocrx_word' id='word_1_124' title='bbox 545 990 597 1016; x_wconf 90' lang='lat' dir='ltr'><strong>ne</strong></span> <span class='ocrx_word' id='word_1_125' title='bbox 635 990 763 1031; x_wconf 86' lang='lat' dir='ltr'><strong>quam</strong></span> <span class='ocrx_word' id='word_1_126' title='bbox 797 991 945 1017; x_wconf 88' lang='lat' dir='ltr'><strong>vocem</strong></span> <span class='ocrx_word' id='word_1_127' title='bbox 966 976 1128 1019; x_wconf 86' lang='lat' dir='ltr'><strong>eliciat</strong></span> <span class='ocrx_word' id='word_1_128' title='bbox 1120 978 1133 1007; x_wconf 70' lang='lat'>³</span> <span class='ocrx_word' id='word_1_129' title='bbox 1169 992 1253 1017; x_wconf 88' lang='lat' dir='ltr'><strong>non</strong></span> <span class='ocrx_word' id='word_1_130' title='bbox 1272 976 1442 1032; x_wconf 83' lang='lat' dir='ltr'><strong>parietes</strong></span> <span class='ocrx_word' id='word_1_131' title='bbox 1462 977 1672 1029; x_wconf 72' lang='lat' dir='ltr'><strong>conscios,</strong></span> 
     </span>
     <span class='ocr_line' id='line_1_15' title="bbox 129 1031 1670 1099; baseline 0.003 -27.042"><span class='ocrx_word' id='word_1_132' title='bbox 129 1045 220 1072; x_wconf 79' lang='lat' dir='ltr'><strong>non</strong></span> <span class='ocrx_word' id='word_1_133' title='bbox 238 1042 407 1073; x_wconf 87' lang='lat' dir='ltr'><strong>noctem</strong></span> <span class='ocrx_word' id='word_1_134' title='bbox 426 1031 541 1073; x_wconf 88' lang='lat' dir='ltr'><strong>illam</strong></span> <span class='ocrx_word' id='word_1_135' title='bbox 573 1032 780 1074; x_wconf 86' lang='lat' dir='ltr'><strong>funestam</strong></span> <span class='ocrx_word' id='word_1_136' title='bbox 813 1048 862 1075; x_wconf 89' lang='lat' dir='ltr'><strong>ac</strong></span> <span class='ocrx_word' id='word_1_137' title='bbox 891 1033 1124 1075; x_wconf 80' lang='lat' dir='ltr'><strong>luctuosam</strong></span> <span class='ocrx_word' id='word_1_138' title='bbox 1154 1035 1490 1099; x_wconf 78' lang='lat' dir='ltr'><strong>perhorrescet?</strong></span> <span class='ocrx_word' id='word_1_139' title='bbox 1501 1031 1580 1077; x_wconf 83' lang='lat' dir='ltr'><strong>Sed</strong></span> <span class='ocrx_word' id='word_1_140' title='bbox 1606 1050 1670 1076; x_wconf 88' lang='lat' dir='ltr'><strong>re-</strong></span> 
     </span>
     <span class='ocr_line' id='line_1_16' title="bbox 128 1089 1669 1142; baseline 0.002 -12"><span class='ocrx_word' id='word_1_141' title='bbox 128 1099 261 1130; x_wconf 71' lang='lat' dir='ltr'><strong>vertar</strong></span> <span class='ocrx_word' id='word_1_142' title='bbox 294 1089 343 1130; x_wconf 89' lang='lat' dir='ltr'><strong>ad</strong></span> <span class='ocrx_word' id='word_1_143' title='bbox 374 1090 561 1131; x_wconf 87' lang='lat' dir='ltr'><strong>crimen·</strong></span> <span class='ocrx_word' id='word_1_144' title='bbox 547 1122 561 1142; x_wconf 85' lang='lat'><em>,</em></span> <span class='ocrx_word' id='word_1_145' title='bbox 595 1091 747 1131; x_wconf 84' lang='lat' dir='ltr'><strong>etenim</strong></span> <span class='ocrx_word' id='word_1_146' title='bbox 772 1092 861 1132; x_wconf 78' lang='lat' dir='ltr'><strong>haec</strong></span> <span class='ocrx_word' id='word_1_147' title='bbox 884 1091 992 1132; x_wconf 83' lang='lat' dir='ltr'><strong>facta</strong></span> <span class='ocrx_word' id='word_1_148' title='bbox 1014 1092 1121 1132; x_wconf 87' lang='lat' dir='ltr'><strong>illius</strong></span> <span class='ocrx_word' id='word_1_149' title='bbox 1144 1091 1359 1133; x_wconf 75' lang='lat' dir='ltr'><strong>clarissimi</strong></span> <span class='ocrx_word' id='word_1_150' title='bbox 1380 1107 1426 1133; x_wconf 86' lang='lat' dir='ltr'><strong>ac</strong></span> <span class='ocrx_word' id='word_1_151' title='bbox 1455 1090 1669 1134; x_wconf 82' lang='lat' dir='ltr'><strong>fortissimi</strong></span> 
     </span>
     <span class='ocr_line' id='line_1_17' title="bbox 130 1144 1674 1200; baseline 0.003 -15"><span class='ocrx_word' id='word_1_152' title='bbox 130 1144 207 1186; x_wconf 89' lang='lat' dir='ltr'><strong>viri</strong></span> <span class='ocrx_word' id='word_1_153' title='bbox 229 1145 387 1188; x_wconf 85' lang='lat' dir='ltr'><strong>mentio</strong></span> <span class='ocrx_word' id='word_1_154' title='bbox 414 1158 455 1189; x_wconf 87' lang='lat' dir='ltr'><strong>et</strong></span> <span class='ocrx_word' id='word_1_155' title='bbox 483 1163 630 1189; x_wconf 89' lang='lat' dir='ltr'><strong>vocem</strong></span> <span class='ocrx_word' id='word_1_156' title='bbox 663 1163 800 1189; x_wconf 82' lang='lat' dir='ltr'><strong>meam</strong></span> <span class='ocrx_word' id='word_1_157' title='bbox 834 1150 930 1191; x_wconf 80' lang='lat' dir='ltr'><strong>fletu</strong></span> <span class='ocrx_word' id='word_1_158' title='bbox 967 1149 1209 1200; x_wconf 80' lang='lat' dir='ltr'><strong>debilitavit,</strong></span> <span class='ocrx_word' id='word_1_159' title='bbox 1243 1159 1283 1190; x_wconf 84' lang='lat' dir='ltr'><strong>et</strong></span> <span class='ocrx_word' id='word_1_160' title='bbox 1308 1159 1493 1195; x_wconf 84' lang='lat' dir='ltr'><strong>mentem</strong></span> <span class='ocrx_word' id='word_1_161' title='bbox 1533 1149 1674 1193; x_wconf 78' lang='lat' dir='ltr'><strong>dolore</strong></span> 
     </span>
     <span class='ocr_line' id='line_1_18' title="bbox 64 1203 1689 1262; baseline 0.001 -15"><span class='ocrx_word' id='word_1_162' title='bbox 64 1203 357 1258; x_wconf 67' lang='lat' dir='ltr'><strong>fioimpedivit.</strong></span> <span class='ocrx_word' id='word_1_163' title='bbox 418 1205 497 1246; x_wconf 86' lang='lat' dir='ltr'><strong>Sed</strong></span> <span class='ocrx_word' id='word_1_164' title='bbox 519 1215 660 1247; x_wconf 86' lang='lat' dir='ltr'><strong>tamen</strong></span> <span class='ocrx_word' id='word_1_165' title='bbox 681 1220 887 1248; x_wconf 84' lang='lat' dir='ltr'><strong>venenum</strong></span> <span class='ocrx_word' id='word_1_166' title='bbox 911 1208 1019 1248; x_wconf 87' lang='lat' dir='ltr'><strong>unde</strong></span> <span class='ocrx_word' id='word_1_167' title='bbox 1041 1206 1175 1257; x_wconf 86' lang='lat' dir='ltr'><strong>fuerit,</strong></span> <span class='ocrx_word' id='word_1_168' title='bbox 1213 1207 1570 1262; x_wconf 81' lang='lat' dir='ltr'><strong>quemadmodum</strong></span> <span class='ocrx_word' id='word_1_169' title='bbox 1600 1221 1689 1262; x_wconf 77' lang='lat' dir='ltr'><strong>pa·—</strong></span> 
     </span>
     <span class='ocr_line' id='line_1_19' title="bbox 132 1261 1670 1320; baseline 0.003 -20"><span class='ocrx_word' id='word_1_170' title='bbox 132 1269 267 1302; x_wconf 81' lang='lat' dir='ltr'><strong>ratum</strong></span> <span class='ocrx_word' id='word_1_171' title='bbox 291 1261 356 1314; x_wconf 79' lang='lat' dir='ltr'><strong>sit,</strong></span> <span class='ocrx_word' id='word_1_172' title='bbox 379 1278 465 1304; x_wconf 89' lang='lat' dir='ltr'><strong>non</strong></span> <span class='ocrx_word' id='word_1_173' title='bbox 486 1262 648 1306; x_wconf 86' lang='lat' dir='ltr'><strong>dicitur.</strong></span> <span class='ocrx_word' id='word_1_174' title='bbox 727 1265 889 1306; x_wconf 80' lang='lat' dir='ltr'><strong>Datum</strong></span> <span class='ocrx_word' id='word_1_175' title='bbox 921 1279 1007 1305; x_wconf 86' lang='lat' dir='ltr'><strong>esse</strong></span> <span class='ocrx_word' id='word_1_176' title='bbox 1039 1265 1119 1306; x_wconf 90' lang='lat' dir='ltr'><strong>hoc</strong></span> <span class='ocrx_word' id='word_1_177' title='bbox 1152 1265 1266 1306; x_wconf 82' lang='lat' dir='ltr'><strong>aiunt</strong></span> <span class='ocrx_word' id='word_1_178' title='bbox 1288 1266 1331 1306; x_wconf 87' lang='lat' dir='ltr'><strong>P.</strong></span> <span class='ocrx_word' id='word_1_179' title='bbox 1352 1264 1535 1316; x_wconf 87' lang='lat' dir='ltr'><strong>Licinio,</strong></span> <span class='ocrx_word' id='word_1_180' title='bbox 1589 1273 1670 1320; x_wconf 81' lang='lat' dir='ltr'><strong>pu&#39;-</strong></span> 
     </span>
     <span class='ocr_line' id='line_1_20' title="bbox 134 1319 1670 1384; baseline 0.003 -25"><span class='ocrx_word' id='word_1_181' title='bbox 134 1319 245 1360; x_wconf 84' lang='lat' dir='ltr'><strong>denti</strong></span> <span class='ocrx_word' id='word_1_182' title='bbox 276 1320 538 1384; x_wconf 77' lang='lat' dir='ltr'><strong>adolescenti,</strong></span> <span class='ocrx_word' id='word_1_183' title='bbox 562 1329 602 1362; x_wconf 89' lang='lat' dir='ltr'><strong>et</strong></span> <span class='ocrx_word' id='word_1_184' title='bbox 635 1320 763 1371; x_wconf 80' lang='lat' dir='ltr'><strong>bono,</strong></span> <span class='ocrx_word' id='word_1_185' title='bbox 788 1321 915 1363; x_wconf 76' lang='lat' dir='ltr'><strong>Coelii</strong></span> <span class='ocrx_word' id='word_1_186' title='bbox 951 1321 1170 1363; x_wconf 79' lang='lat' dir='ltr'><strong>familiari:</strong></span> <span class='ocrx_word' id='word_1_187' title='bbox 1203 1322 1476 1364; x_wconf 76' lang='lat' dir='ltr'><strong>constitutum</strong></span> <span class='ocrx_word' id='word_1_188' title='bbox 1510 1322 1670 1364; x_wconf 83' lang='lat' dir='ltr'><strong>factum</strong></span> 
     </span>
     <span class='ocr_line' id='line_1_21' title="bbox 129 1377 1670 1440; baseline 0.004 -24"><span class='ocrx_word' id='word_1_189' title='bbox 129 1390 215 1417; x_wconf 85' lang='lat' dir='ltr'><strong>esse</strong></span> <span class='ocrx_word' id='word_1_190' title='bbox 236 1391 334 1417; x_wconf 89' lang='lat' dir='ltr'><strong>cum</strong></span> <span class='ocrx_word' id='word_1_191' title='bbox 357 1378 494 1429; x_wconf 68' lang='lat' dir='ltr'><strong>seriis,</strong></span> <span class='ocrx_word' id='word_1_192' title='bbox 517 1387 563 1418; x_wconf 87' lang='lat' dir='ltr'><strong>ut</strong></span> <span class='ocrx_word' id='word_1_193' title='bbox 591 1377 772 1440; x_wconf 75' lang='lat' dir='ltr'><strong>venirent</strong></span> <span class='ocrx_word' id='word_1_194' title='bbox 795 1379 843 1419; x_wconf 87' lang='lat' dir='ltr'><strong>ad</strong></span> <span class='ocrx_word' id='word_1_195' title='bbox 879 1378 1042 1420; x_wconf 86' lang='lat' dir='ltr'><strong>balneas</strong></span> <span class='ocrx_word' id='word_1_196' title='bbox 1066 1380 1222 1421; x_wconf 75' lang='lat' dir='ltr'><strong>Xenias</strong></span> <span class='ocrx_word' id='word_1_197' title='bbox 1243 1396 1253 1420; x_wconf 87' lang='lat'>:</span> <span class='ocrx_word' id='word_1_198' title='bbox 1286 1379 1431 1421; x_wconf 75' lang='lat' dir='ltr'><strong>eodem</strong></span> <span class='ocrx_word' id='word_1_199' title='bbox 1453 1379 1670 1422; x_wconf 88' lang='lat' dir='ltr'><strong>Licinium</strong></span> 
     </span>
     <span class='ocr_line' id='line_1_22' title="bbox 130 1435 1668 1492; baseline 0.003 -18"><span class='ocrx_word' id='word_1_200' title='bbox 130 1447 217 1474; x_wconf 86' lang='lat' dir='ltr'><strong>esse</strong></span> <span class='ocrx_word' id='word_1_201' title='bbox 247 1445 483 1486; x_wconf 82' lang='lat' dir='ltr'><strong>venturum,</strong></span> <span class='ocrx_word' id='word_1_202' title='bbox 513 1448 652 1491; x_wconf 86' lang='lat' dir='ltr'><strong>atque</strong></span> <span class='ocrx_word' id='word_1_203' title='bbox 667 1435 716 1477; x_wconf 84' lang='lat' dir='ltr'><strong>iis</strong></span> <span class='ocrx_word' id='word_1_204' title='bbox 751 1437 898 1478; x_wconf 67' lang='grc' dir='ltr'>ιειιειιι</span> <span class='ocrx_word' id='word_1_205' title='bbox 927 1438 1120 1492; x_wconf 80' lang='lat' dir='ltr'><strong>pyxidem</strong></span> <span class='ocrx_word' id='word_1_206' title='bbox 1153 1437 1412 1478; x_wconf 84' lang='lat' dir='ltr'><strong>traditurum.</strong></span> <span class='ocrx_word' id='word_1_207' title='bbox 1477 1438 1563 1480; x_wconf 76' lang='lat' dir='ltr'><strong>Hic</strong></span> <span class='ocrx_word' id='word_1_208' title='bbox 1581 1435 1668 1492; x_wconf 87' lang='lat' dir='ltr'><strong>pri-</strong></span> 
     </span>
     <span class='ocr_line' id='line_1_23' title="bbox 62 1492 1668 1549; baseline 0.001 -15"><span class='ocrx_word' id='word_1_209' title='bbox 62 1498 248 1534; x_wconf 64' lang='lat' dir='ltr'><strong>dimum</strong></span> <span class='ocrx_word' id='word_1_210' title='bbox 273 1492 373 1533; x_wconf 89' lang='lat' dir='ltr'><strong>illud</strong></span> <span class='ocrx_word' id='word_1_211' title='bbox 393 1493 572 1549; x_wconf 78' lang='lat' dir='ltr'><strong>requirO,</strong></span> <span class='ocrx_word' id='word_1_212' title='bbox 596 1494 695 1549; x_wconf 86' lang='lat' dir='ltr'><strong>quid</strong></span> <span class='ocrx_word' id='word_1_213' title='bbox 716 1493 927 1535; x_wconf 66' lang='lat' dir='ltr'><strong>attinuerit</strong></span> <span class='ocrx_word' id='word_1_214' title='bbox 963 1494 1062 1535; x_wconf 88' lang='lat' dir='ltr'><strong>illud</strong></span> <span class='ocrx_word' id='word_1_215' title='bbox 1091 1493 1182 1536; x_wconf 86' lang='lat' dir='ltr'><strong>ferri</strong></span> <span class='ocrx_word' id='word_1_216' title='bbox 1217 1493 1261 1534; x_wconf 86' lang='lat' dir='ltr'><strong>in</strong></span> <span class='ocrx_word' id='word_1_217' title='bbox 1282 1509 1377 1537; x_wconf 85' lang='lat' dir='ltr'><strong>eum</strong></span> <span class='ocrx_word' id='word_1_218' title='bbox 1400 1492 1538 1535; x_wconf 84' lang='lat' dir='ltr'><strong>locum</strong></span> <span class='ocrx_word' id='word_1_219' title='bbox 1563 1509 1668 1535; x_wconf 86' lang='lat' dir='ltr'><strong>con·</strong></span> 
     </span>
     <span class='ocr_line' id='line_1_24' title="bbox 131 1547 1667 1593; baseline 0.003 -5.073"><span class='ocrx_word' id='word_1_220' title='bbox 131 1547 323 1590; x_wconf 82' lang='lat' dir='ltr'><strong>stitutum</strong></span> <span class='ocrx_word' id='word_1_221' title='bbox 342 1551 355 1590; x_wconf 88' lang='lat'>?</span> <span class='ocrx_word' id='word_1_222' title='bbox 391 1565 464 1591; x_wconf 88' lang='lat' dir='ltr'><strong>cur</strong></span> <span class='ocrx_word' id='word_1_223' title='bbox 481 1550 571 1591; x_wconf 89' lang='lat' dir='ltr'><strong>illi</strong></span> <span class='ocrx_word' id='word_1_224' title='bbox 557 1565 658 1591; x_wconf 69' lang='lat' dir='ltr'><strong>ervi</strong></span> <span class='ocrx_word' id='word_1_225' title='bbox 675 1566 761 1592; x_wconf 79' lang='lat' dir='ltr'><strong>non</strong></span> <span class='ocrx_word' id='word_1_226' title='bbox 777 1552 825 1592; x_wconf 86' lang='lat' dir='ltr'><strong>ad</strong></span> <span class='ocrx_word' id='word_1_227' title='bbox 845 1550 1036 1593; x_wconf 74' lang='lat' dir='ltr'><strong>Ccclium</strong></span> <span class='ocrx_word' id='word_1_228' title='bbox 1052 1551 1226 1592; x_wconf 85' lang='lat' dir='ltr'><strong>domum</strong></span> <span class='ocrx_word' id='word_1_229' title='bbox 1246 1550 1459 1593; x_wconf 75' lang='lat' dir='ltr'><strong>venerint?</strong></span> <span class='ocrx_word' id='word_1_230' title='bbox 1495 1551 1559 1593; x_wconf 90' lang='lat' dir='ltr'><strong>si</strong></span> <span class='ocrx_word' id='word_1_231' title='bbox 1574 1566 1667 1593; x_wconf 82' lang='lat' dir='ltr'><strong>ma-</strong></span> 
     </span>
     <span class='ocr_line' id='line_1_25' title="bbox 128 1605 1666 1664; baseline 0.003 -18"><span class='ocrx_word' id='word_1_232' title='bbox 128 1605 251 1647; x_wconf 82' lang='lat' dir='ltr'><strong>nebat</strong></span> <span class='ocrx_word' id='word_1_233' title='bbox 272 1615 385 1648; x_wconf 83' lang='lat' dir='ltr'><strong>tanta</strong></span> <span class='ocrx_word' id='word_1_234' title='bbox 405 1607 474 1649; x_wconf 84' lang='lat' dir='ltr'><strong>illa</strong></span> <span class='ocrx_word' id='word_1_235' title='bbox 490 1609 744 1649; x_wconf 70' lang='lat' dir='ltr'><strong>consuetudo</strong></span> <span class='ocrx_word' id='word_1_236' title='bbox 767 1608 893 1650; x_wconf 82' lang='lat' dir='ltr'><strong>Coelii</strong></span> <span class='ocrx_word' id='word_1_237' title='bbox 917 1625 1015 1650; x_wconf 86' lang='lat' dir='ltr'><strong>cum</strong></span> <span class='ocrx_word' id='word_1_238' title='bbox 1045 1609 1211 1659; x_wconf 86' lang='lat' dir='ltr'><strong>Clodia,</strong></span> <span class='ocrx_word' id='word_1_239' title='bbox 1235 1619 1430 1664; x_wconf 83' lang='lat' dir='ltr'><strong>tantaque</strong></span> <span class='ocrx_word' id='word_1_240' title='bbox 1451 1607 1666 1651; x_wconf 82' lang='lat' dir='ltr'><strong>familiari-</strong></span> 
     </span>
     <span class='ocr_line' id='line_1_26' title="bbox 127 1664 1667 1722; baseline 0.003 -19"><span class='ocrx_word' id='word_1_241' title='bbox 127 1674 205 1714; x_wconf 69' lang='lat' dir='ltr'><strong>tas,</strong></span> <span class='ocrx_word' id='word_1_242' title='bbox 224 1664 322 1720; x_wconf 77' lang='lat' dir='ltr'><strong>quid</strong></span> <span class='ocrx_word' id='word_1_243' title='bbox 341 1665 588 1720; x_wconf 78' lang='lat' dir='ltr'><strong>suspicionis</strong></span> <span class='ocrx_word' id='word_1_244' title='bbox 603 1675 725 1717; x_wconf 81' lang='lat' dir='ltr'><strong>esset,</strong></span> <span class='ocrx_word' id='word_1_245' title='bbox 740 1665 771 1707; x_wconf 88' lang='lat' dir='ltr'><strong>si</strong></span> <span class='ocrx_word' id='word_1_246' title='bbox 791 1667 897 1722; x_wconf 83' lang='lat' dir='ltr'><strong>apud</strong></span> <span class='ocrx_word' id='word_1_247' title='bbox 918 1665 1103 1708; x_wconf 84' lang='lat' dir='ltr'><strong>Coelium</strong></span> <span class='ocrx_word' id='word_1_248' title='bbox 1121 1665 1306 1707; x_wconf 86' lang='lat' dir='ltr'><strong>mulieris</strong></span> <span class='ocrx_word' id='word_1_249' title='bbox 1323 1681 1458 1708; x_wconf 81' lang='lat' dir='ltr'><strong>servus</strong></span> <span class='ocrx_word' id='word_1_250' title='bbox 1473 1666 1591 1708; x_wconf 87' lang='lat' dir='ltr'><strong>visus</strong></span> <span class='ocrx_word' id='word_1_251' title='bbox 1599 1681 1667 1708; x_wconf 87' lang='lat' dir='ltr'><strong>es-</strong></span> 
     </span>
     <span class='ocr_line' id='line_1_27' title="bbox 129 1723 1666 1779; baseline 0.003 -18.003"><span class='ocrx_word' id='word_1_252' title='bbox 129 1731 215 1763; x_wconf 77' lang='lat' dir='ltr'><strong>set.</strong></span> <span class='ocrx_word' id='word_1_253' title='bbox 207 1723 220 1753; x_wconf 58' lang='grc' dir='ltr'><strong>ὓ</strong></span> <span class='ocrx_word' id='word_1_254' title='bbox 256 1737 318 1762; x_wconf 84' lang='lat' dir='ltr'><strong>sm</strong></span> <span class='ocrx_word' id='word_1_255' title='bbox 337 1733 473 1763; x_wconf 81' lang='lat' dir='ltr'><strong>autem</strong></span> <span class='ocrx_word' id='word_1_256' title='bbox 483 1723 574 1779; x_wconf 78' lang='lat' dir='ltr'><strong>jam</strong></span> <span class='ocrx_word' id='word_1_257' title='bbox 591 1723 754 1766; x_wconf 81' lang='lat' dir='ltr'><strong>suberat</strong></span> <span class='ocrx_word' id='word_1_258' title='bbox 770 1724 974 1775; x_wconf 69' lang='lat' dir='ltr'><strong>simultas,</strong></span> <span class='ocrx_word' id='word_1_259' title='bbox 992 1725 1173 1765; x_wconf 80' lang='lat' dir='ltr'><strong>extincta</strong></span> <span class='ocrx_word' id='word_1_260' title='bbox 1190 1734 1272 1765; x_wconf 89' lang='lat' dir='ltr'><strong>erat</strong></span> <span class='ocrx_word' id='word_1_261' title='bbox 1286 1724 1563 1775; x_wconf 82' lang='lat' dir='ltr'><strong>consuetudo,</strong></span> <span class='ocrx_word' id='word_1_262' title='bbox 1578 1723 1666 1769; x_wconf 74' lang='lat' dir='ltr'><strong>dis-</strong></span> 
     </span>
     <span class='ocr_line' id='line_1_28' title="bbox 62 1778 1665 1838; baseline 0.001 -17"><span class='ocrx_word' id='word_1_263' title='bbox 62 1786 114 1826; x_wconf 74' lang='grc'><strong>70</strong></span> <span class='ocrx_word' id='word_1_264' title='bbox 128 1778 280 1819; x_wconf 81' lang='lat' dir='ltr'><strong>sidium</strong></span> <span class='ocrx_word' id='word_1_265' title='bbox 297 1780 504 1822; x_wconf 82' lang='lat' dir='ltr'><strong>extiterat:</strong></span> <span class='ocrx_word' id='word_1_266' title='bbox 540 1781 637 1823; x_wconf 87' lang='lat' dir='ltr'><strong>hinc</strong></span> <span class='ocrx_word' id='word_1_267' title='bbox 658 1779 739 1823; x_wconf 82' lang='lat' dir='ltr'><strong>illae</strong></span> <span class='ocrx_word' id='word_1_268' title='bbox 757 1782 865 1838; x_wconf 77' lang='lat' dir='ltr'><strong>laer)</strong></span> <span class='ocrx_word' id='word_1_269' title='bbox 869 1797 952 1822; x_wconf 82' lang='lat' dir='ltr'><strong>mae</strong></span> <span class='ocrx_word' id='word_1_270' title='bbox 967 1781 1189 1832; x_wconf 82' lang='lat' dir='ltr'><strong>nimirum,</strong></span> <span class='ocrx_word' id='word_1_271' title='bbox 1208 1790 1247 1822; x_wconf 90' lang='lat' dir='ltr'><strong>et</strong></span> <span class='ocrx_word' id='word_1_272' title='bbox 1264 1781 1354 1823; x_wconf 86' lang='lat' dir='ltr'><strong>haec</strong></span> <span class='ocrx_word' id='word_1_273' title='bbox 1372 1795 1493 1822; x_wconf 87' lang='lat' dir='ltr'><strong>causa</strong></span> <span class='ocrx_word' id='word_1_274' title='bbox 1510 1794 1571 1822; x_wconf 88' lang='lat' dir='ltr'><strong>est</strong></span> <span class='ocrx_word' id='word_1_275' title='bbox 1584 1782 1665 1822; x_wconf 87' lang='lat' dir='ltr'><strong>ho-</strong></span> 
     </span>
     <span class='ocr_line' id='line_1_29' title="bbox 128 1837 1665 1902; baseline 0.004 -27"><span class='ocrx_word' id='word_1_276' title='bbox 128 1850 220 1876; x_wconf 86' lang='lat' dir='ltr'><strong>rum</strong></span> <span class='ocrx_word' id='word_1_277' title='bbox 241 1837 436 1879; x_wconf 86' lang='lat' dir='ltr'><strong>omnium</strong></span> <span class='ocrx_word' id='word_1_278' title='bbox 457 1837 673 1902; x_wconf 82' lang='lat' dir='ltr'><strong>scelerum,</strong></span> <span class='ocrx_word' id='word_1_279' title='bbox 689 1848 811 1902; x_wconf 85' lang='lat' dir='ltr'><strong>atque</strong></span> <span class='ocrx_word' id='word_1_280' title='bbox 825 1838 1068 1881; x_wconf 84' lang='lat' dir='ltr'><strong>criminum.</strong></span> <span class='ocrx_word' id='word_1_281' title='bbox 1117 1841 1274 1888; x_wconf 83' lang='grc' dir='ltr'>Ιιιιιιιο,</span> <span class='ocrx_word' id='word_1_282' title='bbox 1293 1837 1444 1894; x_wconf 85' lang='lat' dir='ltr'><strong>inquit,</strong></span> <span class='ocrx_word' id='word_1_283' title='bbox 1461 1840 1563 1880; x_wconf 77' lang='lat' dir='ltr'><strong>cum</strong></span> <span class='ocrx_word' id='word_1_284' title='bbox 1580 1853 1665 1881; x_wconf 85' lang='lat' dir='ltr'><strong>ser-</strong></span> 
     </span>
    </p>

    <p class='ocr_par' dir='ltr' id='par_1_2' title="bbox 124 1892 1696 2068">
     <span class='ocr_line' id='line_1_30' title="bbox 125 1892 1668 1947; baseline 0.004 -15"><span class='ocrx_word' id='word_1_285' title='bbox 125 1892 164 1932; x_wconf 86' lang='lat' dir='ltr'><strong>vi</strong></span> <span class='ocrx_word' id='word_1_286' title='bbox 186 1893 234 1934; x_wconf 84' lang='lat' dir='ltr'><strong>ad</strong></span> <span class='ocrx_word' id='word_1_287' title='bbox 252 1894 467 1936; x_wconf 85' lang='lat' dir='ltr'><strong>dominam</strong></span> <span class='ocrx_word' id='word_1_288' title='bbox 489 1909 574 1936; x_wconf 86' lang='lat' dir='ltr'><strong>rem</strong></span> <span class='ocrx_word' id='word_1_289' title='bbox 592 1896 730 1947; x_wconf 79' lang='lat' dir='ltr'><strong>istam,</strong></span> <span class='ocrx_word' id='word_1_290' title='bbox 751 1907 791 1938; x_wconf 80' lang='lat' dir='ltr'><strong>et</strong></span> <span class='ocrx_word' id='word_1_291' title='bbox 811 1896 1063 1938; x_wconf 85' lang='lat' dir='ltr'><strong>maleficium</strong></span> <span class='ocrx_word' id='word_1_292' title='bbox 1089 1896 1217 1938; x_wconf 76' lang='lat' dir='ltr'><strong>Coelii</strong></span> <span class='ocrx_word' id='word_1_293' title='bbox 1237 1896 1494 1947; x_wconf 84' lang='lat' dir='ltr'><strong>detulissent,</strong></span> <span class='ocrx_word' id='word_1_294' title='bbox 1517 1895 1668 1938; x_wconf 86' lang='lat' dir='ltr'><strong>mulier</strong></span> 
     </span>
     <span class='ocr_line' id='line_1_31' title="bbox 124 1927 1668 2009; baseline 0.004 -19"><span class='ocrx_word' id='word_1_295' title='bbox 124 1949 338 2007; x_wconf 80' lang='lat' dir='ltr'><strong>ingeniosa</strong></span> <span class='ocrx_word' id='word_1_296' title='bbox 357 1953 554 2008; x_wconf 81' lang='lat' dir='ltr'><strong>praecepit</strong></span> <span class='ocrx_word' id='word_1_297' title='bbox 567 1952 672 2005; x_wconf 82' lang='lat' dir='ltr'><strong>suis,</strong></span> <span class='ocrx_word' id='word_1_298' title='bbox 691 1963 736 1994; x_wconf 92' lang='lat' dir='ltr'><strong>ut</strong></span> <span class='ocrx_word' id='word_1_299' title='bbox 756 1953 899 1995; x_wconf 80' lang='lat' dir='ltr'><strong>omnia</strong></span> <span class='ocrx_word' id='word_1_300' title='bbox 920 1952 1061 1996; x_wconf 68' lang='lat' dir='ltr'><strong>Coelio</strong></span> <span class='ocrx_word' id='word_1_301' title='bbox 1078 1953 1392 2009; x_wconf 68' lang='lat' dir='ltr'><strong>pollicerentur-3</strong></span> <span class='ocrx_word' id='word_1_302' title='bbox 1425 1927 1511 2005; x_wconf 84' lang='lat' dir='ltr'><strong>sed,</strong></span> <span class='ocrx_word' id='word_1_303' title='bbox 1533 1963 1581 1996; x_wconf 90' lang='lat' dir='ltr'><strong>ut</strong></span> <span class='ocrx_word' id='word_1_304' title='bbox 1598 1968 1668 1996; x_wconf 84' lang='lat' dir='ltr'><strong>ve-</strong></span> 
     </span>
     <span class='ocr_line' id='line_1_32' title="bbox 124 2009 1696 2068; baseline 0.004 -20"><span class='ocrx_word' id='word_1_305' title='bbox 124 2022 298 2061; x_wconf 85' lang='lat' dir='ltr'><strong>nenum,</strong></span> <span class='ocrx_word' id='word_1_306' title='bbox 323 2012 424 2051; x_wconf 74' lang='lat' dir='ltr'><strong>cum</strong></span> <span class='ocrx_word' id='word_1_307' title='bbox 443 2012 470 2053; x_wconf 72' lang='lat' dir='ltr'><strong>a</strong></span> <span class='ocrx_word' id='word_1_308' title='bbox 490 2009 656 2053; x_wconf 73' lang='lat' dir='ltr'><strong>Lici-nio</strong></span> <span class='ocrx_word' id='word_1_309' title='bbox 676 2011 913 2063; x_wconf 86' lang='lat' dir='ltr'><strong>traderetur,</strong></span> <span class='ocrx_word' id='word_1_310' title='bbox 935 2010 1159 2054; x_wconf 78' lang='lat' dir='ltr'><strong>manifesto</strong></span> <span class='ocrx_word' id='word_1_311' title='bbox 1190 2011 1485 2068; x_wconf 87' lang='lat' dir='ltr'><strong>comprehendi</strong></span> <span class='ocrx_word' id='word_1_312' title='bbox 1510 2021 1665 2068; x_wconf 84' lang='lat' dir='ltr'><strong>posset,</strong></span> <span class='ocrx_word' id='word_1_313' title='bbox 1693 2033 1696 2036; x_wconf 45' lang='lat'><strong>⁴</strong></span> 
     </span>
    </p>
   </div>
   <div class='ocr_carea' id='block_1_2' title="bbox 520 2133 1296 2184">
    <p class='ocr_par' dir='ltr' id='par_1_3' title="bbox 520 2133 1296 2184">
     <span class='ocr_line' id='line_1_33' title="bbox 520 2133 1296 2184; baseline 0.003 -12"><span class='ocrx_word' id='word_1_314' title='bbox 520 2133 536 2157; x_wconf 78' lang='lat'><strong>‘¹</strong></span> <span class='ocrx_word' id='word_1_315' title='bbox 550 2136 755 2184; x_wconf 60' lang='lat' dir='ltr'><strong>uerecundo.</strong></span> <span class='ocrx_word' id='word_1_316' title='bbox 1175 2141 1193 2160; x_wconf 56' lang='grc' dir='ltr'>θ</span> <span class='ocrx_word' id='word_1_317' title='bbox 1206 2145 1296 2174; x_wconf 86' lang='lat' dir='ltr'><strong>erat.</strong></span> 
     </span>
    </p>
   </div>
   <div class='ocr_carea' id='block_1_3' title="bbox 121 2266 880 2902">
    <p class='ocr_par' dir='ltr' id='par_1_4' title="bbox 122 2266 880 2579">
     <span class='ocr_line' id='line_1_34' title="bbox 166 2266 880 2330; baseline 0.004 -15"><span class='ocrx_word' id='word_1_318' title='bbox 166 2266 220 2315; x_wconf 66' lang='lat'><strong>52.</strong></span> <span class='ocrx_word' id='word_1_319' title='bbox 246 2285 349 2316; x_wconf 74' lang='lat' dir='ltr'><strong>Fratri</strong></span> <span class='ocrx_word' id='word_1_320' title='bbox 376 2294 429 2316; x_wconf 80' lang='lat' dir='ltr'><strong>suo</strong></span> <span class='ocrx_word' id='word_1_321' title='bbox 452 2283 610 2326; x_wconf 55' lang='lat' dir='ltr'><strong>patrueli-2]</strong></span> <span class='ocrx_word' id='word_1_322' title='bbox 636 2284 803 2329; x_wconf 82' lang='lat' dir='ltr'><strong>Significat</strong></span> <span class='ocrx_word' id='word_1_323' title='bbox 827 2287 880 2330; x_wconf 74' lang='lat' dir='ltr'>Q</span> 
     </span>
     <span class='ocr_line' id='line_1_35' title="bbox 126 2329 872 2372; baseline 0.003 -13"><span class='ocrx_word' id='word_1_324' title='bbox 126 2329 295 2361; x_wconf 61' lang='lat' dir='ltr'><strong>Caedfium</strong></span> <span class='ocrx_word' id='word_1_325' title='bbox 321 2329 497 2360; x_wconf 80' lang='lat' dir='ltr'><strong>Metellum</strong></span> <span class='ocrx_word' id='word_1_326' title='bbox 526 2330 690 2372; x_wconf 82' lang='lat' dir='ltr'><strong>Nepotem</strong></span> <span class='ocrx_word' id='word_1_327' title='bbox 717 2331 872 2363; x_wconf 82' lang='lat' dir='ltr'><strong>Consula-</strong></span> 
     </span>
     <span class='ocr_line' id='line_1_36' title="bbox 123 2373 872 2406; baseline 0.004 -3.07"><span class='ocrx_word' id='word_1_328' title='bbox 123 2384 201 2404; x_wconf 75' lang='lat' dir='ltr'><strong>r.cm</strong></span> <span class='ocrx_word' id='word_1_329' title='bbox 251 2375 335 2405; x_wconf 76' lang='lat' dir='ltr'><strong>Nam</strong></span> <span class='ocrx_word' id='word_1_330' title='bbox 362 2373 388 2404; x_wconf 83' lang='lat' dir='ltr'><strong>is</strong></span> <span class='ocrx_word' id='word_1_331' title='bbox 418 2373 539 2405; x_wconf 85' lang='lat' dir='ltr'><strong>Consul</strong></span> <span class='ocrx_word' id='word_1_332' title='bbox 570 2385 643 2404; x_wconf 89' lang='lat' dir='ltr'><strong>cum</strong></span> <span class='ocrx_word' id='word_1_333' title='bbox 671 2377 704 2406; x_wconf 90' lang='lat' dir='ltr'><strong>P.</strong></span> <span class='ocrx_word' id='word_1_334' title='bbox 722 2375 872 2406; x_wconf 57' lang='lat' dir='ltr'><strong>kornelio</strong></span> 
     </span>
     <span class='ocr_line' id='line_1_37' title="bbox 125 2417 871 2450; baseline 0.004 -3"><span class='ocrx_word' id='word_1_335' title='bbox 125 2418 265 2449; x_wconf 80' lang='lat' dir='ltr'><strong>Lentulo</strong></span> <span class='ocrx_word' id='word_1_336' title='bbox 281 2417 342 2449; x_wconf 78' lang='lat' dir='ltr'><strong>fuit</strong></span> <span class='ocrx_word' id='word_1_337' title='bbox 357 2428 442 2448; x_wconf 87' lang='lat' dir='ltr'><strong>anno</strong></span> <span class='ocrx_word' id='word_1_338' title='bbox 457 2417 545 2449; x_wconf 85' lang='lat' dir='ltr'><strong>urbis</strong></span> <span class='ocrx_word' id='word_1_339' title='bbox 558 2417 757 2449; x_wconf 59' lang='lat' dir='ltr'><strong>DCXLVH.</strong></span> <span class='ocrx_word' id='word_1_340' title='bbox 807 2421 871 2450; x_wconf 77' lang='lat' dir='ltr'><strong>Pa-</strong></span> 
     </span>
     <span class='ocr_line' id='line_1_38' title="bbox 124 2462 867 2501; baseline 0.007 -11"><span class='ocrx_word' id='word_1_341' title='bbox 124 2462 228 2493; x_wconf 68' lang='lat' dir='ltr'><strong>:meles</strong></span> <span class='ocrx_word' id='word_1_342' title='bbox 245 2464 366 2500; x_wconf 71' lang='lat' dir='ltr'><strong>fratres</strong></span> <span class='ocrx_word' id='word_1_343' title='bbox 388 2462 436 2492; x_wconf 83' lang='lat' dir='ltr'><strong>vel</strong></span> <span class='ocrx_word' id='word_1_344' title='bbox 459 2472 572 2492; x_wconf 77' lang='lat' dir='ltr'><strong>sorores</strong></span> <span class='ocrx_word' id='word_1_345' title='bbox 593 2468 674 2499; x_wconf 79' lang='lat' dir='ltr'><strong>sunt,</strong></span> <span class='ocrx_word' id='word_1_346' title='bbox 692 2463 737 2493; x_wconf 79' lang='lat' dir='ltr'><strong>ait</strong></span> <span class='ocrx_word' id='word_1_347' title='bbox 762 2462 867 2501; x_wconf 73' lang='lat' dir='ltr'><strong>Caius,</strong></span> 
     </span>
     <span class='ocr_line' id='line_1_39' title="bbox 122 2505 870 2548; baseline 0.004 -13"><span class='ocrx_word' id='word_1_348' title='bbox 122 2507 185 2546; x_wconf 68' lang='lat' dir='ltr'><strong>qni,</strong></span> <span class='ocrx_word' id='word_1_349' title='bbox 200 2517 300 2548; x_wconf 65' lang='lat' dir='ltr'><strong>qun-e</strong></span> <span class='ocrx_word' id='word_1_350' title='bbox 321 2517 358 2538; x_wconf 74' lang='lat' dir='ltr'><strong>ex</strong></span> <span class='ocrx_word' id='word_1_351' title='bbox 380 2505 493 2536; x_wconf 80' lang='lat' dir='ltr'><strong>duobus</strong></span> <span class='ocrx_word' id='word_1_352' title='bbox 497 2506 652 2544; x_wconf 80' lang='lat' dir='ltr'><strong>fratribus</strong></span> <span class='ocrx_word' id='word_1_353' title='bbox 662 2514 870 2548; x_wconf 77' lang='lat' dir='ltr'><strong>progeneran-</strong></span> 
     </span>
     <span class='ocr_line' id='line_1_40' title="bbox 124 2556 182 2580; baseline 0 -1"><span class='ocrx_word' id='word_1_354' title='bbox 124 2556 182 2580; x_wconf 63' lang='lat' dir='ltr'><strong>tur.</strong></span> 
     </span>
    </p>

    <p class='ocr_par' dir='ltr' id='par_1_5' title="bbox 122 2593 870 2680">
     <span class='ocr_line' id='line_1_41' title="bbox 165 2593 870 2637; baseline 0.007 -15"><span class='ocrx_word' id='word_1_355' title='bbox 165 2594 215 2624; x_wconf 74' lang='lat' dir='ltr'><strong>sso.</strong></span> <span class='ocrx_word' id='word_1_356' title='bbox 241 2594 328 2624; x_wconf 76' lang='lat' dir='ltr'><strong>L&#39;na&#39;e</strong></span> <span class='ocrx_word' id='word_1_357' title='bbox 347 2593 475 2636; x_wconf 61' lang='lat' dir='ltr'><strong>fuerit]</strong></span> <span class='ocrx_word' id='word_1_358' title='bbox 513 2593 608 2625; x_wconf 87' lang='lat' dir='ltr'><strong>Unde</strong></span> <span class='ocrx_word' id='word_1_359' title='bbox 633 2593 675 2626; x_wconf 81' lang='lat' dir='ltr'><strong>sit</strong></span> <span class='ocrx_word' id='word_1_360' title='bbox 704 2603 870 2637; x_wconf 82' lang='lat' dir='ltr'><strong>sumptum</strong></span> 
     </span>
     <span class='ocr_line' id='line_1_42' title="bbox 122 2636 674 2680; baseline 0.004 -13"><span class='ocrx_word' id='word_1_361' title='bbox 122 2636 201 2668; x_wconf 72' lang='lat' dir='ltr'><strong>illud</strong></span> <span class='ocrx_word' id='word_1_362' title='bbox 216 2648 379 2669; x_wconf 76' lang='lat' dir='ltr'><strong>venenum</strong></span> <span class='ocrx_word' id='word_1_363' title='bbox 397 2638 460 2669; x_wconf 88' lang='lat' dir='ltr'><strong>dici</strong></span> <span class='ocrx_word' id='word_1_364' title='bbox 475 2648 541 2669; x_wconf 86' lang='lat' dir='ltr'><strong>non</strong></span> <span class='ocrx_word' id='word_1_365' title='bbox 555 2645 674 2680; x_wconf 82' lang='lat' dir='ltr'><strong>potest.</strong></span> 
     </span>
    </p>

    <p class='ocr_par' dir='ltr' id='par_1_6' title="bbox 123 2682 870 2855">
     <span class='ocr_line' id='line_1_43' title="bbox 165 2682 869 2722; baseline 0.006 -12"><span class='ocrx_word' id='word_1_366' title='bbox 165 2683 216 2712; x_wconf 61' lang='lat'><strong>6⁴2.</strong></span> <span class='ocrx_word' id='word_1_367' title='bbox 240 2683 440 2714; x_wconf 79' lang='lat' dir='ltr'><strong>Constitutum</strong></span> <span class='ocrx_word' id='word_1_368' title='bbox 467 2693 532 2713; x_wconf 82' lang='lat' dir='ltr'><strong>cum</strong></span> <span class='ocrx_word' id='word_1_369' title='bbox 560 2682 709 2722; x_wconf 62' lang='lat' dir='ltr'><strong>servis-,J</strong></span> <span class='ocrx_word' id='word_1_370' title='bbox 713 2683 869 2714; x_wconf 84' lang='lat' dir='ltr'><strong>·Verbum</strong></span> 
     </span>
     <span class='ocr_line' id='line_1_44' title="bbox 121 2725 870 2768; baseline 0.004 -12.057"><span class='ocrx_word' id='word_1_371' title='bbox 121 2725 206 2756; x_wconf 71' lang='lat' dir='ltr'><strong>istud</strong></span> <span class='ocrx_word' id='word_1_372' title='bbox 225 2726 416 2757; x_wconf 73' lang='lat' dir='ltr'><strong>constitutum</strong></span> <span class='ocrx_word' id='word_1_373' title='bbox 432 2734 478 2758; x_wconf 79' lang='lat' dir='ltr'><strong>est</strong></span> <span class='ocrx_word' id='word_1_374' title='bbox 492 2726 653 2757; x_wconf 69' lang='lat' dir='ltr'><strong>verbum*</strong></span> <span class='ocrx_word' id='word_1_375' title='bbox 641 2726 735 2768; x_wconf 74' lang='lat' dir='ltr'><strong>juris,</strong></span> <span class='ocrx_word' id='word_1_376' title='bbox 752 2737 824 2762; x_wconf 86' lang='lat' dir='ltr'><strong>cum</strong></span> <span class='ocrx_word' id='word_1_377' title='bbox 838 2736 870 2759; x_wconf 88' lang='lat' dir='ltr'><strong>ct</strong></span> 
     </span>
     <span class='ocr_line' id='line_1_45' title="bbox 123 2769 868 2814; baseline 0.007 -15"><span class='ocrx_word' id='word_1_378' title='bbox 123 2769 173 2800; x_wconf 75' lang='lat' dir='ltr'><strong>die</strong></span> <span class='ocrx_word' id='word_1_379' title='bbox 159 2778 189 2800; x_wconf 79' lang='grc' dir='ltr'>ς</span> <span class='ocrx_word' id='word_1_380' title='bbox 217 2776 248 2801; x_wconf 84' lang='lat' dir='ltr'><strong>et</strong></span> <span class='ocrx_word' id='word_1_381' title='bbox 280 2770 367 2801; x_wconf 82' lang='lat' dir='ltr'><strong>locus</strong></span> <span class='ocrx_word' id='word_1_382' title='bbox 391 2770 476 2802; x_wconf 83' lang='lat' dir='ltr'><strong>inter</strong></span> <span class='ocrx_word' id='word_1_383' title='bbox 496 2771 652 2812; x_wconf 82' lang='lat' dir='ltr'><strong>quosdam</strong></span> <span class='ocrx_word' id='word_1_384' title='bbox 670 2772 868 2814; x_wconf 69' lang='lat' dir='ltr'><strong>praestitutus</strong></span> 
     </span>
     <span class='ocr_line' id='line_1_46' title="bbox 123 2813 555 2855; baseline 0.002 -10"><span class='ocrx_word' id='word_1_385' title='bbox 123 2823 178 2848; x_wconf 68' lang='lat' dir='ltr'><strong>est.</strong></span> <span class='ocrx_word' id='word_1_386' title='bbox 192 2813 223 2844; x_wconf 89' lang='lat' dir='ltr'><strong>in</strong></span> <span class='ocrx_word' id='word_1_387' title='bbox 240 2824 335 2855; x_wconf 80' lang='lat' dir='ltr'><strong>quem</strong></span> <span class='ocrx_word' id='word_1_388' title='bbox 353 2814 555 2846; x_wconf 78' lang='lat' dir='ltr'><strong>conveniant.</strong></span> 
     </span>
    </p>

    <p class='ocr_par' dir='ltr' id='par_1_7' title="bbox 164 2858 868 2902">
     <span class='ocr_line' id='line_1_47' title="bbox 164 2858 868 2902; baseline 0.009 -15"><span class='ocrx_word' id='word_1_389' title='bbox 164 2858 216 2887; x_wconf 74' lang='lat'><strong>613.</strong></span> <span class='ocrx_word' id='word_1_390' title='bbox 232 2858 523 2902; x_wconf 72' lang='lat' dir='ltr'><strong>BalneasXenias]</strong></span> <span class='ocrx_word' id='word_1_391' title='bbox 548 2858 674 2892; x_wconf 79' lang='lat' dir='ltr'><strong>Balneae</strong></span> <span class='ocrx_word' id='word_1_392' title='bbox 691 2859 806 2891; x_wconf 80' lang='lat' dir='ltr'><strong>Xeniae</strong></span> <span class='ocrx_word' id='word_1_393' title='bbox 819 2871 868 2893; x_wconf 80' lang='lat' dir='ltr'><strong>so-</strong></span> 
     </span>
    </p>
   </div>
   <div class='ocr_carea' id='block_1_4' title="bbox 912 2284 1691 2986">
    <p class='ocr_par' dir='ltr' id='par_1_8' title="bbox 916 2284 1662 2373">
     <span class='ocr_line' id='line_1_48' title="bbox 917 2284 1662 2329; baseline 0.003 -12"><span class='ocrx_word' id='word_1_394' title='bbox 917 2284 955 2317; x_wconf 84' lang='lat' dir='ltr'><strong>lis</strong></span> <span class='ocrx_word' id='word_1_395' title='bbox 971 2284 1148 2329; x_wconf 80' lang='lat' dir='ltr'><strong>peregrinis</strong></span> <span class='ocrx_word' id='word_1_396' title='bbox 1165 2284 1433 2317; x_wconf 81' lang='lat' dir='ltr'><strong>concedebantur.</strong></span> <span class='ocrx_word' id='word_1_397' title='bbox 1467 2285 1583 2318; x_wconf 78' lang='lat' dir='ltr'><strong>Xeniae</strong></span> <span class='ocrx_word' id='word_1_398' title='bbox 1606 2297 1662 2319; x_wconf 83' lang='lat' dir='ltr'><strong>au·</strong></span> 
     </span>
     <span class='ocr_line' id='line_1_49' title="bbox 916 2329 1476 2373; baseline -0.002 -11"><span class='ocrx_word' id='word_1_399' title='bbox 916 2338 981 2362; x_wconf 81' lang='lat' dir='ltr'><strong>tem</strong></span> <span class='ocrx_word' id='word_1_400' title='bbox 997 2330 1083 2373; x_wconf 73' lang='lat' dir='ltr'><strong>quasi</strong></span> <span class='ocrx_word' id='word_1_401' title='bbox 1099 2329 1272 2372; x_wconf 84' lang='lat' dir='ltr'><strong>hospitales</strong></span> <span class='ocrx_word' id='word_1_402' title='bbox 1288 2330 1380 2361; x_wconf 81' lang='lat' dir='ltr'><strong>dictae</strong></span> <span class='ocrx_word' id='word_1_403' title='bbox 1392 2337 1476 2361; x_wconf 89' lang='lat' dir='ltr'><strong>sunt.</strong></span> 
     </span>
    </p>

    <p class='ocr_par' dir='ltr' id='par_1_9' title="bbox 915 2373 1664 2583">
     <span class='ocr_line' id='line_1_50' title="bbox 960 2373 1662 2416; baseline 0.003 -12"><span class='ocrx_word' id='word_1_404' title='bbox 960 2376 1012 2406; x_wconf 71' lang='lat'><strong>64.</strong></span> <span class='ocrx_word' id='word_1_405' title='bbox 1036 2373 1203 2416; x_wconf 63' lang='lat' dir='ltr'><strong>Pyxidem]</strong></span> <span class='ocrx_word' id='word_1_406' title='bbox 1239 2374 1337 2414; x_wconf 78' lang='lat' dir='ltr'><strong>Pyxis</strong></span> <span class='ocrx_word' id='word_1_407' title='bbox 1362 2375 1523 2405; x_wconf 86' lang='lat' dir='ltr'><strong>vasculum</strong></span> <span class='ocrx_word' id='word_1_408' title='bbox 1553 2381 1612 2412; x_wconf 84' lang='lat' dir='ltr'><strong>est,</strong></span> <span class='ocrx_word' id='word_1_409' title='bbox 1629 2373 1662 2406; x_wconf 85' lang='lat' dir='ltr'><strong>in</strong></span> 
     </span>
     <span class='ocr_line' id='line_1_51' title="bbox 915 2418 1664 2461; baseline 0.001 -12"><span class='ocrx_word' id='word_1_410' title='bbox 915 2429 979 2461; x_wconf 91' lang='lat' dir='ltr'><strong>quo</strong></span> <span class='ocrx_word' id='word_1_411' title='bbox 996 2427 1173 2459; x_wconf 85' lang='lat' dir='ltr'><strong>unguenta,</strong></span> <span class='ocrx_word' id='word_1_412' title='bbox 1185 2426 1216 2449; x_wconf 81' lang='lat' dir='ltr'><strong>et</strong></span> <span class='ocrx_word' id='word_1_413' title='bbox 1229 2429 1279 2448; x_wconf 86' lang='lat' dir='ltr'><strong>res</strong></span> <span class='ocrx_word' id='word_1_414' title='bbox 1291 2418 1448 2460; x_wconf 87' lang='lat' dir='ltr'><strong>ejusmodi</strong></span> <span class='ocrx_word' id='word_1_415' title='bbox 1462 2419 1664 2450; x_wconf 75' lang='lat' dir='ltr'><strong>asservaban-</strong></span> 
     </span>
     <span class='ocr_line' id='line_1_52' title="bbox 915 2461 1664 2502; baseline -0.003 -8"><span class='ocrx_word' id='word_1_416' title='bbox 915 2472 980 2500; x_wconf 88' lang='lat' dir='ltr'><strong>tur,</strong></span> <span class='ocrx_word' id='word_1_417' title='bbox 995 2463 1052 2493; x_wconf 73' lang='grc' dir='ltr'><strong>αἰπὰ</strong></span> <span class='ocrx_word' id='word_1_418' title='bbox 1065 2465 1116 2497; x_wconf 67' lang='grc' dir='ltr'><strong>τῆς</strong></span> <span class='ocrx_word' id='word_1_419' title='bbox 1131 2461 1234 2501; x_wconf 51' lang='grc' dir='ltr'>ιιι-ὀξυ,</span> <span class='ocrx_word' id='word_1_420' title='bbox 1246 2462 1307 2493; x_wconf 76' lang='lat' dir='ltr'><strong>hoc</strong></span> <span class='ocrx_word' id='word_1_421' title='bbox 1320 2470 1378 2498; x_wconf 88' lang='lat' dir='ltr'><strong>est,</strong></span> <span class='ocrx_word' id='word_1_422' title='bbox 1391 2461 1494 2500; x_wconf 82' lang='lat' dir='ltr'><strong>bux03</strong></span> <span class='ocrx_word' id='word_1_423' title='bbox 1512 2462 1555 2494; x_wconf 87' lang='lat' dir='ltr'><strong>sic</strong></span> <span class='ocrx_word' id='word_1_424' title='bbox 1566 2463 1664 2502; x_wconf 83' lang='lat' dir='ltr'><strong>dicta,</strong></span> 
     </span>
     <span class='ocr_line' id='line_1_53' title="bbox 915 2505 1663 2550; baseline 0 -12"><span class='ocrx_word' id='word_1_425' title='bbox 915 2507 1000 2549; x_wconf 65' lang='lat' dir='ltr'><strong>quud</strong></span> <span class='ocrx_word' id='word_1_426' title='bbox 1015 2506 1156 2550; x_wconf 69' lang='lat' dir='ltr'><strong>prim-hm</strong></span> <span class='ocrx_word' id='word_1_427' title='bbox 1172 2515 1210 2536; x_wconf 83' lang='lat' dir='ltr'><strong>ex</strong></span> <span class='ocrx_word' id='word_1_428' title='bbox 1226 2505 1278 2537; x_wconf 63' lang='lat' dir='ltr'><strong>ills</strong></span> <span class='ocrx_word' id='word_1_429' title='bbox 1295 2506 1410 2538; x_wconf 81' lang='lat' dir='ltr'><strong>arbore</strong></span> <span class='ocrx_word' id='word_1_430' title='bbox 1432 2506 1565 2550; x_wconf 82' lang='lat' dir='ltr'><strong>pyxides</strong></span> <span class='ocrx_word' id='word_1_431' title='bbox 1585 2516 1663 2538; x_wconf 89' lang='lat' dir='ltr'><strong>con-</strong></span> 
     </span>
     <span class='ocr_line' id='line_1_54' title="bbox 915 2550 1095 2583; baseline -0.012 -1"><span class='ocrx_word' id='word_1_432' title='bbox 915 2552 1006 2583; x_wconf 82' lang='lat' dir='ltr'><strong>fectae</strong></span> <span class='ocrx_word' id='word_1_433' title='bbox 1021 2550 1095 2581; x_wconf 82' lang='lat' dir='ltr'><strong>sint.</strong></span> 
     </span>
    </p>

    <p class='ocr_par' dir='ltr' id='par_1_10' title="bbox 914 2592 1691 2771">
     <span class='ocr_line' id='line_1_55' title="bbox 958 2592 1662 2638; baseline 0.001 -13"><span class='ocrx_word' id='word_1_434' title='bbox 958 2595 1010 2626; x_wconf 79' lang='lat'>⁹70.</span> <span class='ocrx_word' id='word_1_435' title='bbox 1034 2594 1117 2625; x_wconf 81' lang='lat' dir='ltr'><strong>Hinc</strong></span> <span class='ocrx_word' id='word_1_436' title='bbox 1131 2593 1192 2624; x_wconf 78' lang='lat' dir='ltr'><strong>illr</strong></span> <span class='ocrx_word' id='word_1_437' title='bbox 1208 2593 1289 2635; x_wconf 75' lang='lat' dir='ltr'><strong>Iacry</strong></span> <span class='ocrx_word' id='word_1_438' title='bbox 1292 2605 1355 2625; x_wconf 62' lang='lat' dir='ltr'><strong>mae.</strong></span> <span class='ocrx_word' id='word_1_439' title='bbox 1363 2593 1377 2638; x_wconf 92' lang='lat'>]</span> <span class='ocrx_word' id='word_1_440' title='bbox 1421 2592 1557 2626; x_wconf 73' lang='lat' dir='ltr'><strong>Causam</strong></span> <span class='ocrx_word' id='word_1_441' title='bbox 1585 2605 1662 2638; x_wconf 85' lang='lat' dir='ltr'><strong>ape-</strong></span> 
     </span>
     <span class='ocr_line' id='line_1_56' title="bbox 914 2637 1691 2677; baseline 0 -6"><span class='ocrx_word' id='word_1_442' title='bbox 914 2639 959 2671; x_wconf 84' lang='lat' dir='ltr'><strong>rit</strong></span> <span class='ocrx_word' id='word_1_443' title='bbox 973 2638 1059 2671; x_wconf 89' lang='lat' dir='ltr'><strong>unde</strong></span> <span class='ocrx_word' id='word_1_444' title='bbox 1074 2637 1118 2668; x_wconf 83' lang='lat' dir='ltr'><strong>ita</strong></span> <span class='ocrx_word' id='word_1_445' title='bbox 1133 2639 1284 2670; x_wconf 75' lang='lat' dir='ltr'><strong>exarserit</strong></span> <span class='ocrx_word' id='word_1_446' title='bbox 1298 2639 1329 2669; x_wconf 86' lang='lat' dir='ltr'><strong>in</strong></span> <span class='ocrx_word' id='word_1_447' title='bbox 1344 2638 1482 2671; x_wconf 61' lang='lat' dir='ltr'><strong>Catium</strong></span> <span class='ocrx_word' id='word_1_448' title='bbox 1494 2638 1617 2677; x_wconf 85' lang='lat' dir='ltr'><strong>Clodia,</strong></span> <span class='ocrx_word' id='word_1_449' title='bbox 1627 2646 1664 2671; x_wconf 89' lang='lat' dir='ltr'><strong>ut</strong></span> <span class='ocrx_word' id='word_1_450' title='bbox 1687 2656 1691 2661; x_wconf 87' lang='lat'><em>-</em></span> 
     </span>
     <span class='ocr_line' id='line_1_57' title="bbox 916 2682 1661 2725; baseline -0.001 -11"><span class='ocrx_word' id='word_1_451' title='bbox 916 2684 1087 2715; x_wconf 82' lang='lat' dir='ltr'><strong>adduceret</strong></span> <span class='ocrx_word' id='word_1_452' title='bbox 1127 2693 1201 2713; x_wconf 85' lang='lat' dir='ltr'><strong>eum</strong></span> <span class='ocrx_word' id='word_1_453' title='bbox 1230 2683 1263 2714; x_wconf 88' lang='lat' dir='ltr'><strong>in</strong></span> <span class='ocrx_word' id='word_1_454' title='bbox 1293 2683 1506 2725; x_wconf 72' lang='lat' dir='ltr'><strong>suspicionem</strong></span> <span class='ocrx_word' id='word_1_455' title='bbox 1533 2682 1661 2720; x_wconf 81' lang='lat' dir='ltr'><strong>veneni,</strong></span> 
     </span>
     <span class='ocr_line' id='line_1_58' title="bbox 916 2726 1442 2771; baseline 0 -13"><span class='ocrx_word' id='word_1_456' title='bbox 916 2728 1001 2771; x_wconf 55' lang='lat' dir='ltr'><strong>quud</strong></span> <span class='ocrx_word' id='word_1_457' title='bbox 1019 2737 1134 2768; x_wconf 85' lang='lat' dir='ltr'><strong>nempe</strong></span> <span class='ocrx_word' id='word_1_458' title='bbox 1147 2726 1186 2757; x_wconf 82' lang='lat' dir='ltr'><strong>ab</strong></span> <span class='ocrx_word' id='word_1_459' title='bbox 1200 2727 1252 2758; x_wconf 58' lang='lat' dir='ltr'><strong>illa</strong></span> <span class='ocrx_word' id='word_1_460' title='bbox 1262 2736 1442 2758; x_wconf 81' lang='lat' dir='ltr'><strong>recesserat.</strong></span> 
     </span>
    </p>

    <p class='ocr_par' dir='ltr' id='par_1_11' title="bbox 912 2768 1661 2950">
     <span class='ocr_line' id='line_1_59' title="bbox 955 2768 1660 2812; baseline 0 -11"><span class='ocrx_word' id='word_1_461' title='bbox 955 2772 1008 2801; x_wconf 76' lang='lat'><strong>79.</strong></span> <span class='ocrx_word' id='word_1_462' title='bbox 1036 2771 1148 2802; x_wconf 75' lang='lat' dir='ltr'><strong>omnia</strong></span> <span class='ocrx_word' id='word_1_463' title='bbox 1176 2771 1265 2802; x_wconf 56' lang='lat' dir='ltr'><strong>calio</strong></span> <span class='ocrx_word' id='word_1_464' title='bbox 1288 2769 1522 2812; x_wconf 65' lang='lat' dir='ltr'><strong>pollicerentur]</strong></span> <span class='ocrx_word' id='word_1_465' title='bbox 1545 2768 1660 2801; x_wconf 88' lang='lat' dir='ltr'><strong>Voluit</strong></span> 
     </span>
     <span class='ocr_line' id='line_1_60' title="bbox 912 2813 1661 2857; baseline -0.001 -12"><span class='ocrx_word' id='word_1_466' title='bbox 912 2814 1039 2852; x_wconf 75' lang='lat' dir='ltr'><strong>clodia,</strong></span> <span class='ocrx_word' id='word_1_467' title='bbox 1052 2822 1088 2846; x_wconf 91' lang='lat' dir='ltr'><strong>ut</strong></span> <span class='ocrx_word' id='word_1_468' title='bbox 1104 2815 1187 2846; x_wconf 82' lang='lat' dir='ltr'><strong>servi</strong></span> <span class='ocrx_word' id='word_1_469' title='bbox 1205 2815 1434 2857; x_wconf 83' lang='lat' dir='ltr'><strong>pollicerentur</strong></span> <span class='ocrx_word' id='word_1_470' title='bbox 1448 2813 1550 2846; x_wconf 81' lang='lat' dir='ltr'><strong>coetio</strong></span> <span class='ocrx_word' id='word_1_471' title='bbox 1570 2823 1661 2844; x_wconf 80' lang='lat' dir='ltr'><strong>suam</strong></span> 
     </span>
     <span class='ocr_line' id='line_1_61' title="bbox 913 2857 1660 2901; baseline 0 -12"><span class='ocrx_word' id='word_1_472' title='bbox 913 2870 1046 2901; x_wconf 86' lang='lat' dir='ltr'><strong>operam</strong></span> <span class='ocrx_word' id='word_1_473' title='bbox 1062 2859 1102 2890; x_wconf 85' lang='lat' dir='ltr'><strong>ad</strong></span> <span class='ocrx_word' id='word_1_474' title='bbox 1115 2859 1277 2891; x_wconf 74' lang='lat' dir='ltr'><strong>dominam</strong></span> <span class='ocrx_word' id='word_1_475' title='bbox 1293 2870 1384 2892; x_wconf 76' lang='lat' dir='ltr'><strong>suam</strong></span> <span class='ocrx_word' id='word_1_476' title='bbox 1399 2858 1546 2890; x_wconf 83' lang='lat' dir='ltr'><strong>Clodiam</strong></span> <span class='ocrx_word' id='word_1_477' title='bbox 1559 2857 1660 2889; x_wconf 86' lang='lat' dir='ltr'><strong>inter-</strong></span> 
     </span>
     <span class='ocr_line' id='line_1_62' title="bbox 913 2902 1656 2950; baseline -0.001 -15"><span class='ocrx_word' id='word_1_478' title='bbox 913 2902 1092 2936; x_wconf 84' lang='lat' dir='ltr'><strong>ficiendam.</strong></span> <span class='ocrx_word' id='word_1_479' title='bbox 1583 2941 1592 2949; x_wconf 51' lang='lat'><strong>·</strong></span> <span class='ocrx_word' id='word_1_480' title='bbox 1647 2942 1656 2950; x_wconf 53' lang='grc'><em>·</em></span> 
     </span>
    </p>

    <p class='ocr_par' dir='ltr' id='par_1_12' title="bbox 1462 2952 1659 2986">
     <span class='ocr_line' id='line_1_63' title="bbox 1462 2952 1659 2986; baseline -0.01 0"><span class='ocrx_word' id='word_1_481' title='bbox 1462 2952 1659 2986; x_wconf 72' lang='lat' dir='ltr'><strong>constitui</strong></span> 
     </span>
    </p>
   </div>
  </div>
 </body>
</html>
