1872 3140
94 144 116 178 ἐζ

109 939 161 976 55
181 937 350 990 publicae
371 951 495 984 casus,
525 952 556 976 51
590 937 758 1000 bellum,
788 937 819 976 si

122 147 146 187 9

139 141 174 180 ,4

587 142 648 182 M.
678 141 880 183 TULLII
909 139 1217 183 CICERONIS
1244 132 1247 133 ⁷

172 254 355 298 dicturus
383 269 524 318 essem,
553 256 766 295 remisisset
794 255 949 322 aliquid
967 253 1153 310 profecto
1183 256 1235 297 de
1268 257 1477 298 severitate
1499 253 1691 310 cogendi·

176 311 241 352 An
274 328 338 353 me
370 312 554 360 censetis,
585 311 630 351 P
654 311 704 351 C.
735 309 847 366 quod
875 326 945 352 vos
984 312 1100 353 inviti
1139 313 1264 354 secuti
1295 313 1402 362 estis,
1431 314 1694 354 decreturum
1723 322 1726 325 ·

104 371 155 406 25
176 367 269 408 fuiss
256 384 311 417 ee,
339 383 385 410 ut
421 367 639 422 parentalia
677 383 770 408 cum
790 368 1145 422 supplicationibus
1184 368 1481 411 miscerentur?
1512 379 1556 409 ut
1578 368 1696 407 inex-

177 426 340 479 piabiles
370 424 583 478 religiones
614 425 655 464 in
687 426 978 479 rempublicam
1007 425 1330 469 inducerentur?
1360 437 1403 466 ut
1424 427 1697 466 decerneren-

178 493 244 522 tur
273 481 578 536 supplicitiones
613 480 813 522 mortuo?
843 481 962 522 Nihil
993 483 1085 524 dico
1114 483 1204 523 cui·
1232 481 1355 527 fuerit
1375 483 1442 523 ille
1461 483 1510 523 L.
1532 481 1696 527 Brutus,

178 540 246 593 qui
269 551 307 579 et
337 539 420 592 ipse
448 552 560 591 regio
590 538 801 578 dominatu
837 539 1126 604 rempublicam
1156 540 1353 587 liberavit,
1382 550 1423 578 et
1452 540 1503 580 ad
1521 538 1693 579 similem
1718 579 1721 583 .

178 597 385 647 virtutem,
417 606 456 635 et
475 595 605 637 simile
627 594 794 642 factum,
824 596 989 649 stirpem
1010 596 1095 648 jam
1115 611 1214 650 prop
1219 593 1240 636 ὲ
1262 596 1303 635 in
1325 594 1694 650 quingentesimum

105 645 161 690 ‘fi-O
180 667 329 692 annum
354 652 615 707 propagavit:
643 653 786 692 adduci
806 664 941 692 tamen
963 667 1047 693 non
1068 667 1241 707 possem,
1270 663 1314 693 ut
1336 660 1569 706 quenquam
1587 665 1698 691 mor-

178 720 293 749 tuum
328 709 617 763 conjungerem
656 724 749 749 cum
770 709 940 749 deorum
974 710 1264 750 immortalium
1283 708 1505 763 religione·
1496 737 1508 756 ‚
1538 717 1599 755 ut,
1627 722 1697 748 cu-

173 766 237 817 jus
256 767 513 820 sepulchrum
543 779 743 832 nusquam
772 777 901 816 extet,
931 767 1000 806 ubi
1030 777 1278 820 parentemn
1309 766 1345 806 ei
1371 764 1531 819 publice
1549 763 1699 817 suppli-

179 834 305 863 cetur.

364 823 452 888 Ego
479 820 576 863 vero
598 837 685 863 eam
706 823 948 863 sententiam
983 823 1189 872 dixissem,
1218 822 1358 863 Patres
1373 820 1620 884 Conseri-pti,
1649 829 1696 860 ut

178 894 245 920 rne
285 880 361 920 adi
365 893 472 920 ersus
510 881 705 934 populum
740 879 992 928 Romanum,
1021 880 1053 919 si
1084 881 1173 934 quis
1205 880 1410 920 accidisset
1440 877 1599 933 gravior
1618 876 1698 917 rei-

840 937 1062 985 ‘³morbus,
1092 937 1123 977 si
1153 937 1292 985 fames,
1313 935 1429 976 facil&
1449 947 1607 988 possem
1626 933 1700 974 de-

179 992 376 1034 fendere·
366 1009 377 1042 3
410 1009 499 1047 quae
516 993 661 1046 partim
676 994 760 1044 jam
780 1003 888 1041 sunt,
917 994 1063 1047 partim
1079 994 1205 1034 timeo
1234 1009 1287 1034 ne
1307 992 1581 1046 impendeant.
1615 988 1700 1030 Sed

180 1051 259 1091 hoc
280 1051 488 1105 ignoscant
509 1050 565 1089 dii
586 1049 891 1099 immortales,f

907 1051 1043 1099 velim,
1074 1061 1114 1091 et
1145 1052 1294 1115 populo
1322 1049 1527 1096 Romano,
1557 1047 1627 1112 qui
1655 1046 1700 1087 id

181 1122 266 1147 non
287 1109 446 1161 probat,
467 1118 506 1147 et
527 1108 622 1146 huic
645 1107 794 1155 ordini,
825 1107 895 1161 qui
915 1107 1126 1148 decrevit
1116 1109 1278 1147 mvitus.

1329 1106 1444 1161 Quid
1463 1105 1516 1145 de
1533 1102 1700 1158 reliquis

180 1165 413 1217 reipublicae
450 1162 597 1204 malis?
638 1164 803 1204 licet-ne
824 1164 986 1205 dicere
979 1163 993 1193 Ρ
1036 1164 1137 1204 mihi
1157 1162 1254 1205 vero
1274 1164 1383 1211 licet,
1413 1172 1454 1203 et
1473 1175 1631 1215 semper
1649 1159 1701 1200 li-

110 1225 164 1259 40
183 1222 303 1269 cebit,
331 1222 570 1276 dignitatem
603 1222 722 1268 tueri,
751 1231 926 1260 mortem
959 1232 1251 1262 contemnem
1276 1230 1448 1275 potestas
1472 1216 1599 1259 mode
1627 1231 1698 1257 ve-

182 1279 351 1318 niendi
343 1293 384 1318 m
419 1279 528 1318 hunc
549 1278 683 1317 locum
702 1279 768 1326 sit,
797 1278 957 1318 dicendi
990 1279 1213 1331 periculum
1244 1292 1328 1318 non
1348 1290 1502 1317 recuso.

1562 1275 1699 1328 Atque

182 1335 354 1384 utinam,
374 1335 420 1374 P.
444 1334 490 1375 C.
513 1334 707 1374 Kalendis
727 1334 946 1374 Sextilibus
967 1335 1104 1375 adesse
1124 1335 1366 1389 potuissem.
1360 1331 1367 1363 ¹
1399 1347 1485 1373 non
1505 1329 1587 1386 qui>
1605 1345 1702 1385 pro·

182 1392 252 1432 fici
271 1392 447 1446 potuerit
468 1391 634 1444 aliquid,
655 1392 723 1431 sed
744 1406 796 1431 ne
811 1405 915 1430 unus
934 1388 1059 1430 modo
1080 1391 1328 1438 Consularis,
1358 1390 1470 1443 quod
1489 1399 1576 1429 tum
1598 1387 1701 1427 acci-

185 1449 260 1497 dit,
281 1449 425 1504 dignus
438 1449 506 1488 illo
521 1449 692 1495 honore,
713 1449 858 1503 dignus
878 1446 1081 1501 republica
1100 1448 1362 1488 inveniretur.

1422 1443 1516 1500 Qua
1536 1444 1703 1498 quidem

113 1509 166 1546 45
187 1520 238 1546 ex
254 1521 297 1545 re
312 1520 505 1560 magnum
527 1504 678 1558 accipio
694 1506 893 1551 dolorem,
913 1505 1102 1551 homines
1124 1503 1374 1558 amplissimis
1387 1503 1527 1568 populi
1547 1501 1702 1541 Roma-.-

187 1564 228 1618 ni
250 1563 454 1603 beneficiis
473 1577 579 1611 usos,
609 1562 659 1601 L.
692 1562 899 1610 Pisonem,
929 1561 1075 1602 ducem
1109 1562 1252 1616 optim.
1230 1576 1272 1602 ze
1293 1559 1503 1601 sententiae
1536 1572 1621 1599 non
1640 1570 1703 1603 se-

628 1737 640 1751 ²
650 1734 776 1781 pesti&

192 1921 251 1951 tori
263 1930 298 1949 ea
312 1919 380 1967 lege
397 1917 567 1957 obligatur,
583 1918 666 1947 utin
681 1914 759 1947 illa
753 1927 831 1956 ipsa,
849 1926 925 1947 cum

192 1961 337 2002 primum
353 1962 381 1992 ei
395 1962 595 1991 satistacium
609 1961 676 1996 erit,
691 1957 858 1997 reddenda,
871 1961 926 1989 do-

191 2006 263 2036 lum
288 2012 320 2035 et
347 2005 449 2034 levem
473 2004 603 2043 culpam
626 2010 762 2043 praestct.
823 2002 927 2034 Multa

190 2048 267 2079 xero
283 2046 402 2087 species
418 2056 520 2086 poenae
548 2054 604 2082 est,
636 2047 816 2086 pecuniaria
843 2047 926 2076 dun-

191 2098 288 2127 taxat,
305 2100 379 2131 quae
394 2090 522 2120 arbitrio
544 2089 622 2130 ejus,
640 2090 695 2129 qui
713 2091 851 2120 multam
867 2098 924 2127 pro

192 2144 251 2165 suo
264 2133 334 2171 jure
358 2133 444 2167 dicit,
460 2131 535 2162 cum
561 2132 705 2172 specialis
729 2141 825 2171 poena
848 2141 923 2162 con-

193 2177 304 2207 stituta
316 2186 380 2206 non
396 2182 487 2210 esset,
502 2176 688 2214 imponitur.

237 2221 289 2250 25.
316 2217 483 2250 Parentalia
498 2228 560 2247 cum
570 2217 851 2259 snpplica‘ionibus]
868 2218 925 2248 Pa-

194 2270 315 2293 remare
332 2269 378 2292 est
394 2262 542 2291 manibus
567 2263 793 2292 detunctorum
815 2271 925 2300 paren-

194 2313 268 2336 tum
297 2304 488 2336 sacrificare:
528 2304 612 2334 unde
641 2303 815 2343 parentalia
841 2304 925 2334 dicta

195 2356 377 2384 suntsacia‚
393 2357 465 2387 quae
479 2347 535 2378 diis
554 2349 703 2378 manibus
716 2347 899 2376 salvuntur.

240 2392 287 2421 lb.
309 2390 503 2426 Inerpiabiles
516 2389 689 2429 rekpionezj
718 2389 927 2429 Inexpiabiles

195 2435 361 2474 religiones
387 2434 548 2466 dicuntur,
564 2441 637 2472 qua:
655 2432 744 2462 nullo
758 2432 925 2471 supplicio,

195 2477 287 2507 nullo
318 2474 472 2508 sacrificio
500 2476 626 2514 purgari
653 2482 684 2504 ct
715 2476 758 2504 lui
785 2482 923 2515 possunt.

196 2520 287 2550 Tales
305 2526 412 2549 autem
428 2519 507 2548 dicit
519 2517 775 2558 supplicationes,
787 2528 858 2556 quze
871 2527 926 2559 pro

196 2569 324 2594 mortuo
338 2563 430 2592 fiunt.

235 2607 285 2636 27.
301 2604 378 2635 Nihil
401 2605 450 2634 {ico
464 2603 537 2646 cml]
552 2603 587 2634 ld
601 2601 749 2634 invidias?-
763 2604 839 2633 dicit
852 2613 927 2634 con-

196 2655 242 2679 tra
254 2648 424 2684 Caesarem,
441 2657 540 2688 qucm
557 2655 726 2686 tyrannum
742 2647 835 2676 fuisse
848 2647 928 2676 indi-

195 2699 246 2720 cat
261 2702 271 2726 ς
307 2692 423 2730 ευίῳιι·
449 2691 583 2729 ορῡθηὶῑ
609 2689 746 2719 Brutum
778 2689 928 2719 libertatis

194 2734 350 2763 Romamn
367 2743 507 2763 assertor«
520 2744 565 2769 ni,
582 2733 674 2771 cujus
691 2743 730 2762 ne
745 2733 876 2770 quidem
888 2734 927 2763 ad

193 2776 399 2814 sepulchrum
418 2777 502 2806 fiunt
525 2775 774 2814 mpplicationcs.

234 2819 280 2863 ib.
305 2819 341 2850 L.
353 2818 491 2862 Brutus.j
534 2820 667 2859 Repone
690 2818 830 2857 Junium
846 2818 926 2849 Bru-

1091 1730 1106 1753 f
1120 1733 1267 1771 utinam.

970 1924 1053 1955 tum,
1082 1915 1100 1947 a
1124 1927 1191 1958 quo
1214 1917 1409 1957 Tarquinius
1435 1916 1598 1958 Superbus
1625 1923 1703 1948 cum

971 1960 1048 1990 filiis
1061 1961 1182 1999 ejectus
1197 1967 1254 1990 est.
1724 1957 1726 1960 ’

1013 2005 1065 2034 29.
1092 2003 1218 2045 Stirpem
1231 2000 1429 2044 p1·opaga··it.]
1466 2002 1618 2033 Extendit
1633 2000 1704 2031 stir-

969 2056 1044 2086 pem
1060 2056 1154 2077 suam
1167 2048 1199 2076 in
1217 2048 1288 2076 hmc
1301 2046 1464 2076 Ciceronis
1489 2053 1644 2084 tempora,
1660 2052 1704 2073 ex

973 2099 1038 2130 qua
1053 2089 1158 2119 extitit
1172 2090 1216 2119 M.
1232 2091 1362 2125 Brutus,
1386 2089 1444 2128 qui
1467 2089 1627 2118 Caesarem
1653 2087 1703 2116 in-

967 2133 1103 2167 terfecit,
1131 2133 1186 2171 qui
1213 2132 1336 2170 regium
1362 2131 1567 2162 dominatum
1598 2129 1701 2160 vindi-

970 2183 1041 2204 care
1058 2174 1118 2205 sibi
1133 2175 1271 2205 volebat.

1013 2219 1063 2248 31.
1089 2218 1162 2247 Cum
1181 2217 1297 2247 deorum
1320 2215 1521 2247 immortalium
1536 2211 1701 2255 religione]

970 2261 1225 2299 Supplicationcs
1251 2261 1288 2290 ad
1304 2260 1379 2290 deos
1394 2259 1566 2300 pertinent,
1583 2267 1649 2288 non
1663 2257 1704 2291 ad

969 2310 1112 2334 mortuos
1129 2314 1138 2340 ;
1158 2303 1275 2341 quibus
1291 2302 1414 2333 tantum
1432 2308 1623 2340 parentatur.

1013 2347 1066 2376 36.
1091 2345 1274 2387 Por-limjam
1287 2342 1381 2383 suna]
1397 2343 1525 2375 Bellum
1536 2343 1704 2384 gerebatur

982 2387 1014 2419 {n
1027 2387 1177 2429 Hispania
1189 2396 1299 2419 centra
1315 2388 1395 2419 filios
1411 2388 1563 2427 Pompeii.

1015 2434 1065 2463 35.
1089 2431 1173 2462 Παῖς
1195 2431 1313 2470 οιίἶ,”ιιι”.]
1337 2430 1511 2461 Senatorio.

1014 2472 1371 2516 42.Kal.Se121'l1·bns.]
1405 2474 1480 2504 Hoc
1501 2480 1645 2514 tempore
1661 2473 1703 2505 ab

973 2518 1114 2548 Antonio
1130 2518 1266 2548 relatum
1283 2525 1329 2547 cst
1351 2519 1389 2547 de
1403 2516 1705 2558 supplicationibus,

970 2568 1002 2591 et
1016 2571 1108 2600 parer.
1113 2561 1228 2591 talibus
1245 2561 1314 2591 Caes
1315 2561 1359 2591 ari
1372 2559 1585 2591 decernendis.

1014 2605 1064 2634 43.
1083 2603 1169 2634 Unus
1183 2603 1264 2634 mods)
1282 2601 1470 2645 conadam]
1484 2603 1576 2641 Piso,
1589 2603 1627 2633 de
1638 2610 1706 2644 quo

971 2656 1046 2685 supr
1034 2645 1077 2683 3,
1097 2656 1214 2686 paragr.
1232 2647 1261 2678 ii.
1280 2646 1369 2683 1.55.

1015 2690 1203 2720 46.Jrz1cem
1219 2689 1330 2729 optimae
1345 2686 1515 2729 sementim]
1541 2689 1618 2719 Dux
1632 2696 1706 2718 sen-

972 2734 1079 2763 tentiae
1091 2733 1264 2768 dicebatur,
1275 2733 1332 2773 qui
1347 2732 1468 2774 primus
1478 2741 1550 2762 earn
1565 2730 1706 2770 aperuis-

970 2782 1025 2805 set.
1077 2778 1198 2805 Auctor
1213 2782 1322 2806 autem
1345 2776 1447 2806 fuerat
1474 2772 1559 2810 Piso,
1585 2783 1624 2803 ne
1650 2781 1705 2812 pa-

970 2817 1102 2857 rentalia
1116 2825 1149 2850 ct
1164 2818 1268 2858 suppli
1270 2819 1411 2850 cationes
1419 2817 1535 2849 Caesari
1549 2815 1670 2855 fierent.

1579 2869 1705 2907 cutos,
