1872 3135
492 103 716 149 ORATIO
744 103 855 149 PRO
886 102 940 146 L.
971 102 1271 148 MURAENA.
1470 163 1476 169 Ι
1611 109 1686 154 187

95 218 286 271 interfici,
309 217 376 261 sed
409 218 647 276 vigilantem
678 218 888 261 consulem
911 219 960 261 de
978 218 1078 275 reip.
1101 217 1291 275 praesitlio
1311 215 1526 260 demovere
1544 233 1618 260 vo-

95 277 209 319 lunt.
241 291 317 318 nec
338 277 480 319 minus
502 277 666 329 vellent,
689 278 812 328 Cato,
833 287 873 318 te
903 291 1069 334 quoque
1104 275 1245 333 aliqua
1273 275 1443 327 ratione,
1466 276 1500 317 si
1519 291 1615 332 pos-
1630 287 1685 320 50

91 333 408 385 senubtollere:
442 334 481 376 id
503 335 630 398 quod,
649 334 754 376 mihi
790 334 921 386 crede,
962 344 1002 376 et
1033 343 1160 391 agunt
1190 342 1230 374 et
1266 332 1520 375 moliuntur:
1553 348 1616 374 vi-

92 392 190 433 dent
210 401 428 457 quantum
435 391 476 436 in
498 402 536 434 te
558 392 609 433 sit
639 391 783 443 animi,
806 402 1008 447 quantum
1040 370 1210 447 ingenii,
1233 399 1436 447 quantum
1470 400 1616 432 aucto-

94 446 238 500 ritatis,
261 452 464 505 quantum
501 449 659 505 reipub.
691 448 900 505 praesidii:
931 449 998 490 sed
1034 450 1134 490 cum
1154 447 1359 489 consulari
1381 446 1620 490 auctoritate

89 515 131 549 et
161 505 312 547 auxilio
343 505 560 562 spoliatam
591 522 673 548 vim
714 506 971 548 tribunitiam
1000 505 1189 555 viderint,
1230 516 1319 546 tum
1369 520 1411 547 se
1455 504 1617 547 facilius

90 561 293 605 inermem
314 573 353 604 et
373 563 632 606 debilitatum
653 574 692 605 te
709 577 971 619 oppressuros
987 562 1232 604 arbitrantur
1249 579 1260 614 3
1295 577 1391 605 nam
1426 577 1478 604 ne
1500 562 1615 605 suffi-
1632 573 1680 607 5
1661 584 1684 606 )

91 619 222 662 ciatur
242 620 401 673 consul,
425 636 511 663 non
532 621 706 663 timent:
740 620 908 661 vident
900 635 942 661 m
963 628 1128 660 tuorum
1152 628 1348 674 potestate
1369 619 1619 683 collegarum

90 676 201 719 fore:
249 688 412 734 sperant
443 678 519 719 sibi
561 677 768 728 Silanum,
792 677 949 718 clarum
979 675 1130 727 virum,
1155 691 1243 716 stne
1273 676 1443 734 colleoa,
1475 688 1512 718 te
1532 693 1620 720 stne

90 735 275 787 consule,
298 734 479 790 rempub.
503 733 591 776 sine
620 733 811 790 praesidio
831 733 957 790 objici
981 747 1111 788 posse.
1171 732 1253 774 His
1274 714 1402 775 tantis
1419 733 1459 775 in
1482 735 1620 788 rebus,

90 792 300 849 tantisque
330 793 374 834 in
387 791 609 855 periculis,
640 800 702 833 est
732 800 869 843 tuum,
901 791 972 832 M.
1006 790 1128 842 Cato,
1165 789 1242 854 qui
1267 805 1354 832 non
1383 790 1505 843 mihi,
1536 808 1622 834 non

90 848 182 900 tibi,
208 849 275 891 sed
296 847 437 905 patriae
456 858 577 890 natus
611 863 669 901 eS,
692 847 825 890 videre
855 848 950 904 quid
983 857 1140 905 agatur,
1171 845 1342 889 retiner-e
1376 848 1618 905 adjutorem,
1633 858 1688 896 60

92 906 363 957 defensorem,
397 907 558 950 socium
585 905 630 948 in
660 905 866 962 republic
850 923 888 955 ι,
908 886 1121 947 consulem
1142 912 1262 946 non
1284 904 1498 962 cupidum,
1517 922 1621 948 con-

93 963 224 1004 sulem
249 963 389 1020 (quod
418 963 605 1006 maxime
634 972 798 1027 tempus
827 964 908 1004 hoc
929 963 1125 1018 postulat)
1161 962 1328 1004 fortuna
1348 963 1620 1006 constitutum

92 1020 142 1062 ad
163 1021 486 1076 amplexandum
508 1020 658 1072 otium,
680 1021 854 1062 scientia
879 1020 930 1061 ad
963 1019 1117 1062 bellum
1147 1020 1389 1086 gerendum,
1412 1020 1554 1062 animo
1584 1031 1624 1063 et

90 1093 168 1121 usu
207 1078 256 1120 ad
293 1079 403 1142 quod
434 1078 533 1120 velis
567 1078 799 1141 negotium.
861 1079 1117 1134 Quanquam
1151 1077 1345 1142 hujusce
1360 1077 1414 1119 rei
1447 1087 1623 1151 potestas

88 1135 227 1178 omnis
249 1136 291 1178 in
309 1135 426 1177 vobis
447 1135 524 1177 sita
552 1147 628 1187 est,
651 1135 844 1178 Judices:
878 1145 1008 1176 totam
1030 1134 1219 1190 rempub.
1241 1150 1314 1176 vos
1335 1134 1379 1177 in
1400 1136 1478 1177 hac
1499 1137 1622 1178 causa
1635 1145 1687 1183 65

89 1193 251 1257 tenetis,
287 1208 359 1234 vos
393 1192 644 1251 gubernatis.
707 1192 750 1234 Si
777 1193 832 1234 L.
866 1192 1048 1234 Catilina
1067 1208 1165 1234 cum
1187 1207 1261 1233 suo
1276 1193 1485 1234 dconsilio
1505 1193 1622 1236 nefa-

89 1250 245 1293 riorum
276 1251 516 1302 hominum,
547 1265 652 1308 quos
682 1265 823 1314 secum
853 1250 1005 1300 eduxit,
1028 1250 1111 1291 hac
1130 1250 1181 1291 de
1212 1265 1252 1291 re
1275 1262 1410 1306 posset
1426 1251 1623 1307 judicare,

89 1308 386 1350 condemnaret
412 1310 465 1350 L.
486 1309 750 1350 Muraenam:
784 1307 817 1349 si
845 1308 1071 1349 interficere
1105 1317 1257 1362 posset,
1293 1308 1524 1362 occideret3
1557 1325 1629 1365 pe-

90 1373 187 1409 tunt
215 1366 326 1408 enim
368 1366 545 1408 rationes
576 1365 685 1408 illius
669 1387 702 1417 5,
739 1375 786 1407 ut
815 1364 981 1407 orbetur
1010 1365 1162 1406 auxilio
1193 1380 1299 1421 resp.
1335 1378 1382 1406 ut
1411 1366 1626 1409 minuatur

89 1432 233 1465 contra
282 1439 404 1465 suum
454 1423 633 1466 furorem
675 1424 969 1479 imperatorum
1005 1422 1151 1478 copia.
1205 1437 1250 1465 ut
1280 1423 1413 1486 major
1451 1423 1622 1466 facultas
1637 1437 1691 1476 70

87 1479 307 1523 Tribunis
314 1480 442 1534 plebis
477 1481 609 1533 detur,
641 1480 810 1536 depulso
850 1481 1094 1531 adversario,
1126 1479 1339 1522 seditionis
1377 1496 1425 1523 ac
1462 1482 1620 1524 discor-

89 1537 169 1579 diae
187 1537 467 1581 concitaudae.
528 1538 699 1579 ldemne
722 1538 848 1602 igitur
866 1537 1017 1579 delecti
1038 1530 1305 1593 amplissimis
1325 1553 1378 1580 ex
1408 1539 1621 1582 ordinibus

88 1595 372 1638 honestissimi
392 1604 515 1652 atque
535 1594 830 1659 sapientissimi
856 1595 930 1637 viri
954 1595 1221 1652 judicabunt,
1243 1595 1354 1652 quod
1375 1594 1472 1638 ille
1462 1612 1622 1652 impor-

88 1652 333 1694 tunissimus
381 1652 580 1709 gladiator
628 1652 760 1694 hostis
806 1652 961 1708 reipub
1001 1652 1238 1709 judicaret?
1298 1653 1414 1696 Mihi
1453 1655 1620 1706 credite,

86 1709 302 1762 Judices,
294 1724 336 1750 in
368 1709 448 1751 hac
484 1724 609 1751 causa
637 1724 723 1751 non
760 1709 896 1751 solnm
930 1710 979 1750 de
1017 1712 1062 1750 1..
1084 1711 1309 1761 Muraenae,
1331 1725 1473 1754 verum
1495 1712 1620 1754 etiam
1636 1725 1686 1765 75

86 1767 138 1809 de
154 1770 290 1808 vestra
319 1767 450 1808 salute
471 1766 718 1809 sententiam
749 1767 915 1808 feretis:
949 1766 993 1808 in
1013 1767 1073 1808 di>
1068 1767 1234 1808 crimen
1258 1776 1486 1809 extremum
1506 1771 1620 1811 veni-

85 1839 208 1877 mus3
241 1823 345 1866 nihil
366 1823 532 1881 estjam
552 1824 662 1866 unde
678 1839 754 1865 nos
775 1823 1024 1876 reficiamus,
1044 1833 1114 1866 aut.
1134 1824 1207 1866 ubi
1231 1824 1330 1880 lapsi
1355 1826 1621 1868 resistamus·
1608 1859 1622 1879 ‚

87 1897 175 1931 non
195 1881 331 1923 solum
354 1881 581 1923 minuenda
600 1897 686 1923 non
715 1892 812 1923 sunt
833 1881 983 1924 auxilia
1012 1897 1106 1939 quae
1137 1882 1367 1935 habemus3
1399 1884 1468 1925 sed
1498 1885 1622 1927 etiam

86 1954 165 1983 nov
170 1954 207 1989 a,
225 1939 259 1980 si
280 1938 366 1981 fieri
388 1938 531 1995 possit,
554 1939 854 2003 comparanda:
888 1939 1017 1980 hostis
1042 1949 1102 1980 est
1121 1940 1235 1981 enim
1255 1955 1340 1982 non
1361 1941 1470 1997 apud
1488 1942 1621 1984 Anie-

86 2011 202 2051 nem,
233 1996 343 2054 quod
380 1996 489 2039 bello
521 1998 679 2039 Punico
711 1995 1001 2053 gravissimum
1033 1996 1168 2039 visum
1210 2012 1250 2038 es
1256 2007 1286 2050 t,
1321 1998 1390 2040 sed
1420 2013 1466 2040 m
1502 1999 1620 2052 urbe,
1636 2012 1691 2046 80

374 2176 391 2202 b
407 2179 580 2216 occidere.
792 2183 808 2202 ε
828 2192 987 2216 avarum.
1202 2179 1216 2202 ⁶
1237 2190 1332 2217 σιτία.

128 2380 183 2414 54.
196 2379 364 2421 Spoliatam
376 2382 434 2412 vim
445 2380 645 2413 tribunitiam.
649 2381 663 2425 ]
701 2382 790 2414 Peric
793 2393 830 2414 u-
917 2384 937 2412 ’1
948 2383 971 2414 1.
992 2382 1266 2426 Tribunis-plebia]
1281 2382 1619 2426 Tribuni·piebis,qui

86 2422 154 2455 lum
171 2424 304 2456 Catonis
319 2435 393 2457 cum
409 2425 570 2457 Muraenae
587 2425 731 2468 periculo
755 2437 830 2458 con·
874 2427 1047 2459 seditiones
1062 2427 1253 2464 moliuntur,
1278 2426 1402 2459 facilius
1427 2428 1468 2459 ad
1498 2429 1620 2460 exitum

84 2466 214 2509 jungit3
237 2477 310 2500 nam
327 2470 353 2500 si
369 2469 537 2502 damnetur
554 2472 720 2508 Muraena,
738 2470 829 2502 dabi·
874 2472 1053 2514 perniciosa
1069 2482 1124 2503 sua
1137 2471 1269 2503 consilia
1285 2472 1471 2513 perducent,
1485 2473 1511 2504 si
1538 2474 1618 2504 Mu-

86 2519 140 2543 tur
163 2510 287 2543 occasio
311 2513 508 2545 Catilinariis
538 2515 697 2546 catonem
720 2515 831 2557 oppri-
875 2525 996 2547 raenam
1013 2520 1029 2546 a
1043 2514 1207 2547 consulatu
1223 2524 1419 2547 removeant.

87 2554 213 2587 mendi:
239 2565 312 2592 nam
326 2557 387 2600 ipsi
399 2552 511 2589 consul
531 2569 596 2589 non
612 2559 732 2594 aderit·
755 2569 830 2590 nam
920 2561 971 2592 79.
993 2561 1086 2601 Apud
1100 2560 1265 2597 Anienem]
1292 2559 1384 2591 Bello
1396 2561 1534 2591 secundo
1553 2563 1618 2592 Pu-

87 2599 119 2630 in
137 2597 248 2631 locum
260 2600 419 2636 Μαι-ποετ
431 2601 538 2633 nullus
547 2601 760 2634 substituetur
771 2603 831 2634 ali-
875 2603 960 2641 nico,
975 2614 1048 2636 cum
1073 2605 1220 2645 Capuam
1237 2603 1431 2636 M Fulv1us
1447 2604 1604 2637 obsidere:
1598 2631 1620 2641 ,

87 2643 245 2674 usim-itis
259 2643 423 2684 Tribunis,
442 2646 516 2687 quia
532 2646 757 2678 intercessione
775 2658 830 2678 sua
874 2647 1031 2684 Annibal,
1045 2656 1082 2679 ut
1098 2658 1172 2678 eum
1196 2655 1297 2678 castra
1320 2657 1449 2679 movere
1474 2659 1616 2692 cogeret,

86 2686 217 2718 comitia
234 2687 433 2729 impedient:
460 2698 491 2720 et
507 2690 551 2721 sic
574 2691 682 2722 Silano
703 2691 764 2722 sibi
778 2703 830 2725 su-
874 2692 980 2723 subito
996 2703 1070 2723 cons
1059 2692 1163 2722 ‘ilium
1181 2691 1266 2733 cepit
1289 2692 1329 2722 ad
1356 2691 1470 2723 urbem
1496 2704 1616 2725 exc-rei

85 2731 195 2763 mendi
212 2731 368 2773 collegam
385 2739 575 2774 potestatem
591 2734 747 2767 auferent.
873 2744 943 2767 tum
971 2735 1167 2772 addu(endi;
1190 2735 1297 2777 itaque
1322 2745 1425 2769 castra
1439 2735 1557 2768 locavit
1576 2740 1616 2769 ad

130 2775 182 2805 68.
208 2775 323 2807 Petunt
337 2777 387 2806 eni
388 2778 438 2816 m.]
475 2778 644 2819 eonjurati
670 2787 829 2812 conantur
872 2780 1008 2811 fluxium
1023 2780 1199 2815 Anienem,
1211 2780 1250 2808 ad
1273 2780 1404 2811 tertium
1421 2780 1461 2812 ab
1477 2781 1556 2814 urbe
1571 2788 1615 2813 la—

85 2820 216 2861 perdere
232 2830 305 2851 eum
320 2828 352 2852 et
367 2819 513 2852 fortunas
528 2829 560 2853 et
572 2821 775 2864 dignitatem.
874 2824 994 2866 pidem.
1043 2824 1059 2853 Χ
1073 2823 1121 2853 ide
1140 2822 1280 2860 Livium,
1298 2823 1352 2854 lib.
1369 2825 1420 2854 ⁴26.

1577 2868 1619 2910 in
