1887 3083
894 126 1058 172 VITA.
1427 192 1431 196 1
1757 135 1785 166 v

179 236 414 292 parentibus
448 236 491 280 in
526 236 663 280 forum
701 237 900 280 deductus
935 248 1011 290 est,
1047 245 1091 278 ut
1121 248 1226 278 esset
1246 235 1422 287 auditor,
1454 241 1495 275 et
1515 231 1775 289 sectatorju-

176 294 397 337 diciorum.
919 301 921 303 ’

536 424 754 465 ANNUS
787 423 962 467 URBIS
997 421 1292 469 CONDITAE
1316 423 1418 479 663,

241 516 336 552 Coss.
355 515 398 552 L.
416 514 521 553 Julio
543 517 692 559 Caesare,
722 517 765 553 P.
786 517 927 553 Rutilio
949 516 1062 564 Lupo,
1084 524 1176 553 'ante
1197 514 1379 555 Christum
1407 517 1466 552 ΒΩ.
1525 514 1710 552 Ciceronis

800 569 958 606 decimus
973 570 1145 617 septimus.

230 654 328 697 Hoc
350 669 460 696 anno
478 655 622 695 acriter
640 653 794 694 bellum
818 651 1014 694 Italicum
1037 660 1199 707 gestum
1221 660 1298 702 est,
1327 649 1369 692 in
1388 666 1470 707 quo
1485 650 1619 707 plures
1637 652 1774 693 clades

174 725 380 767 accepere,
404 713 531 767 quam
556 711 727 751 intulere
746 708 950 756 Romani:
974 710 1074 749 esim
1096 708 1232 764 itaque
1252 717 1337 749 tota
1359 708 1607 750 tumultibus
1621 709 1775 766 repleta

174 779 276 810 esset
292 767 424 818 Italia,
444 769 621 809 Senatus
636 768 799 809 decreto
809 766 970 824 judicia
986 764 1220 816 intermissa
1235 776 1343 807 sunt.
1394 767 1494 808 Quo
1509 776 1692 820 tempore
1706 778 1772 808 to-

173 834 261 866 tum
280 840 322 866 se
337 825 584 882 eloquentiae
606 824 742 868 studio
762 825 892 867 dedit.
923 825 1039 866 Nam
1054 821 1238 880 quotidie
1252 834 1290 864 et
1304 821 1523 874 scribebat,
1542 833 1582 864 et
1597 823 1772 880 legebat,

170 892 210 923 et
221 882 601 924 commentabatur:
618 898 711 939 quae
726 881 876 939 legerat
888 881 977 925 aliis
992 880 1142 932 verbis,
1160 890 1198 921 et
1212 896 1304 937 quae
1322 880 1453 923 fuerat
1465 891 1775 924 commentatus

170 939 489 994 pronunciabat.
544 941 714 982 Graecas
734 955 1000 989 summorum
1016 949 1225 980 oratorum
1238 937 1442 980 orationes
1461 938 1613 980 Latine
1628 939 1772 982 redde-

169 997 256 1039 bat.
318 997 436 1040 Arati
459 998 646 1042 carmina
665 998 714 1039 de
735 998 858 1049 coelo,
892 996 1100 1053 stellisque
1121 995 1192 1037 lib.
1218 1004 1258 1037 Ω.
1283 996 1331 1037 de
1353 997 1457 1038 Nat.
1490 997 1621 1039 Deor.
1654 996 1775 1040 refert

169 1069 211 1096 se
232 1054 497 1108 convertisse,
530 1066 570 1099 et
590 1055 647 1098 lib
675 1065 709 1099 1.
744 1057 792 1101 de
816 1057 918 1113 Leg.
952 1063 992 1096 et
1017 1063 1053 1096 l.
1079 1053 1128 1095 de
1155 1052 1302 1095 Divin.
1333 1054 1521 1098 Marium
1545 1053 1772 1110 scripsisse,

170 1112 385 1165 Quoniam
409 1116 503 1155 vero
525 1114 694 1169 sumpta
713 1111 820 1154 virili
838 1113 932 1171 toga
951 1112 1228 1155 adolescentes
1245 1111 1293 1153 ad
1312 1110 1489 1167 aliquem
1509 1112 1643 1153 virum
1660 1126 1770 1168 prae-

167 1180 345 1215 stantem
381 1171 407 1212 a
442 1171 678 1225 parentibus
710 1171 1036 1221 deducebantur,
1070 1170 1094 1210 a
1130 1179 1242 1225 patre
1283 1169 1342 1211 Q.
1384 1170 1528 1211 Mutio
1570 1170 1771 1212 Scaevolae

166 1227 330 1285 Auguri
354 1229 525 1271 traditus
547 1238 622 1280 est,
655 1231 773 1275 cuius
795 1230 820 1270 a
841 1228 962 1270 latere
982 1241 1196 1282 nunquam
1229 1242 1270 1268 se
1299 1226 1531 1268 discessisse
1561 1227 1604 1268 in
1637 1227 1773 1269 Laelio

168 1295 381 1330 asseverat.
422 1286 539 1331 Huic
561 1286 686 1345 igitur
704 1280 847 1331 Mutio
865 1301 1030 1343 operam
1050 1284 1177 1336 dedit,
1202 1286 1225 1326 ’ἶι
1241 1299 1325 1344 quo
1343 1293 1506 1330 tantum
1519 1284 1624 1344 juris
1639 1285 1772 1330 civilis

167 1343 373 1400 accepisse
394 1359 434 1386 se
452 1344 496 1386 in
511 1346 642 1387 Bruto
663 1344 734 1398 ait,
767 1354 971 1407 quantum
995 1342 1092 1385 satis
1113 1352 1218 1385 esset
1237 1341 1404 1386 oratori.

525 1489 744 1534 ANNUS
777 1491 956 1534 URBIS
989 1490 1286 1533 CONDITAE
1309 1494 1408 1533 664.

163 1575 258 1616 Coss,
281 1579 343 1617 Cn.
362 1582 537 1633 Pompelo
556 1583 748 1629 Strabone,
776 1584 819 1621 L.
841 1585 974 1622 Porcio
993 1585 1139 1628 Catone,
1172 1591 1255 1620 ante
1277 1583 1457 1620 Chr-{stum
1480 1586 1542 1619 88.
1583 1580 1774 1619 Ciceronis

792 1638 951 1674 decimus
969 1646 1131 1675 octavus.
1211 1647 1213 1649 ’

220 1717 274 1759 L.
292 1717 449 1769 Caesar‚
467 1718 616 1767 occisis
634 1729 729 1763 octo
746 1719 933 1763 millibus
951 1720 1138 1763 hostium
1156 1721 1205 1762 ad
1223 1720 1448 1772 Asculum,
1467 1719 1617 1761 morbo
1631 1718 1769 1776 periit.

164 1773 263 1821 Hoc
294 1775 338 1817 in
372 1777 478 1822 bello
509 1777 697 1824 Marsico
730 1778 881 1821 Cicero
902 1778 1143 1835 aliquandiu
1165 1778 1241 1819 sub
1264 1778 1380 1835 Syll-a
1415 1777 1625 1829 militavit,
1659 1777 1769 1833 apud

162 1845 287 1886 quem
306 1849 347 1875 se
365 1834 547 1894 legatum
562 1835 688 1881 fuisse
705 1835 778 1879 lib.
810 1845 845 1879 1.
863 1837 913 1878 de
932 1836 1121 1880 Divinat.
1143 1835 1300 1893 scribit,
1334 1837 1432 1878 cum
1455 1847 1548 1886 ante
1564 1833 1769 1892 oppidum

162 1889 340 1945 Nolam,
364 1894 606 1942 Samnitum
627 1902 760 1938 castra
778 1893 962 1955 diripuit.
1287 1897 1311 1924 ἃ

521 2022 739 2066 ANNUS
773 2023 949 2065 URBIS
982 2023 1279 2068 CONDITAE
1301 2024 1397 2067 665.

204 2115 299 2152 Coss.
319 2114 361 2153 L.
387 2115 554 2153 Cornelio
575 2114 690 2165 Syllci,
723 2116 765 2153 Ω.
786 2116 961 2165 Pompeio
980 2116 1090 2162 Rufo,
1122 2125 1206 2153 ante
1227 2116 1404 2153 Christum
1423 2120 1483 2154 87.
1538 2118 1725 2158 Ciceronis

816 2169 974 2206 (lecimus
990 2182 1114 2207 nonus.
1432 2194 1435 2197 -

218 2247 473 2295 Confectum
493 2257 553 2291 est
567 2247 723 2290 bellum
740 2246 936 2290 Italicum
953 2264 1022 2290 seu
1037 2247 1294 2302 Marsicum3
1317 2252 1499 2308 cumque
1515 2253 1628 2301 Svlla
1645 2256 1768 2300 rebus

159 2307 351 2366 proximi·
373 2307 417 2348 in
440 2306 578 2358 Italia,
611 2321 743 2362 nuper
756 2305 798 2347 in
818 2305 941 2358 Asi-a,
967 2307 1276 2363 etjamdudum
1293 2308 1337 2350 in
1356 2311 1514 2363 Gallia,
1535 2306 1768 2371 Africfique

159 2368 285 2424 gestis
301 2364 484 2416 clareret,
517 2363 709 2406 omnium
732 2362 937 2421 suffragiis
954 2364 1234 2408 Consulatum
1252 2366 1449 2421 obtinuit,
1473 2369 1590 2425 eique
1608 2371 1770 2420 bellum

158 2422 495 2467 Mithridaticum
511 2437 607 2463 cum
625 2421 733 2463 Asia
747 2421 962 2478 provincia
974 2432 1080 2464 sorte
1096 2422 1261 2479 obtigit.
1303 2426 1463 2467 Verum
1482 2427 1517 2468 ei
1533 2428 1558 2467 ὲ
1577 2428 1767 2484 Sulpicio

160 2483 329 2524 tribuno
346 2479 477 2537 plebis
497 2480 743 2536 abrogatum
762 2490 824 2522 est
845 2478 887 2522 in
904 2479 1076 2537 gratiam
1094 2481 1240 2532 Marii,
1263 2482 1373 2538 quod
1391 2486 1490 2525 curn
1508 2485 1624 2528 Svlla
1641 2486 1766 2530 intel.-

160 2538 338 2590 lexisset,
362 2553 458 2579 cum
477 2552 542 2579 sex
558 2536 790 2594 legionibus
804 2537 852 2579 ad
872 2537 1019 2580 urbem
1036 2537 1164 2592 venit,
1183 2554 1307 2595 quam
1327 2539 1431 2582 init-21
1446 2534 1767 2589 cunfMarianis

160 2598 303 2654 pugna
315 2594 445 2638 victor
458 2594 692 2651 occupavit,
711 2610 757 2637 ac
780 2595 967 2637 Marium
988 2596 1202 2653 profugere
1221 2596 1263 2638 in
1281 2613 1370 2639 oras
1387 2597 1544 2642 Africae
1561 2611 1768 2649 extremas

160 2653 315 2710 coegit,
348 2652 536 2708 Sulpicio
558 2652 713 2705 occiso,
747 2653 865 2710 cujus
887 2666 1012 2708 caput
1033 2668 1105 2709 pro
1129 2654 1267 2697 rostris
1287 2656 1522 2711 expositum
1544 2670 1619 2712 est,
1640 2660 1768 2703 veluti

158 2711 279 2753 fatale
309 2710 518 2769 quoddam
553 2709 702 2753 futurae
739 2710 1050 2767 proscriptionis
1083 2727 1224 2754 omen.
1285 2713 1405 2755 Dum
1439 2716 1532 2757 haec
1567 2715 1610 2759 in
1643 2718 1769 2761 Italia

159 2777 372 2826 geruntur,
391 2767 657 2810 Mithridates
671 2782 738 2810 rex
758 2767 879 2813 Ponti
895 2769 1045 2815 Asiam
1062 2768 1244 2822 intravit,
1264 2769 1334 2812 ubi
1355 2773 1437 2814 una
1454 2772 1520 2821 die
1537 2772 1578 2815 in
1597 2775 1768 2820 urbibus

160 2841 246 2878 uno
262 2824 418 2873 nuncio
434 2835 472 2870 et
491 2827 574 2870 unit
592 2825 892 2883 significatione
907 2825 1114 2870 literarum
1135 2827 1242 2869 cives
1258 2829 1381 2874 Rom.
1400 2845 1546 2874 omnes
1559 2833 1768 2882 necandos

1531 2889 1765 2949 imperavit.
