1872 3135
138 208 355 290 luctusque
373 231 563 281 declarat.
623 233 754 283 Nam,
785 233 895 289 quod
926 241 986 274 est
1021 232 1250 291 objectum,
1270 228 1554 287 municipibus
1583 243 1670 272 esse
1685 237 1740 272 ΞΟ
1794 242 1797 245 ‘

537 117 764 183 ORATIO
796 118 908 161 PRO
939 117 1008 161 M.
1041 110 1264 161 COELIO.
1294 116 1298 118 ’

101 291 442 343 ..adolescentem
461 289 554 336 non‘
567 291 582 316 b
602 290 824 346 probatum
841 290 923 332 suis
940 308 949 332 z
986 291 1145 332 nemini
1165 304 1351 346 unquam
1369 288 1561 345 praesenti
1580 288 1667 331 Pu«

139 347 290 403 teolani
329 342 504 405 majores
536 349 712 389 honores
753 347 1002 400 habuerunt,
1040 349 1169 404 quam
1207 347 1365 389 absenti
1395 347 1458 389 M.
1491 342 1632 389 Coelio
1653 361 1665 387 z

140 421 264 464 quem
282 415 324 456 et
342 402 555 458 absentem
568 404 618 447 in
640 405 947 462 amplissimum
966 407 1152 447 ordinem
1175 408 1439 460 cooptarunt,
1461 412 1501 445 et
1516 418 1562 444 ea
1581 417 1668 444 non

50 505 62 518 ,
119 463 295 522 ·petenti
329 462 576 514 detulerunt,
599 460 694 520 cinae
725 463 868 506 multis
889 463 1119 520 petentibus
1140 463 1425 519 denegarunt:
1459 461 1669 518 iidemque

140 537 257 564 nunc
278 514 521 575 lectissimos
542 521 664 571 viros,
678 531 727 565 et
747 521 1068 572 nostri.0rdinis,
1091 530 1130 561 et
1145 521 1302 576 equites
1320 522 1548 571 Romanos,
1570 527 1669 561 cum
1689 526 1742 563 25

139 578 344 637 legatione
363 579 411 621 ad
430 581 510 622 hoc
531 579 755 637 judicium,
779 589 819 621 et
851 576 947 620 cum
981 576 1224 635 gravissima
1258 586 1381 634 atque
1409 576 1674 619 ornatissima.

132 636 378 692 ‘laudatione
422 646 636 685 miserunt.

713 636 871 678 Videor
900 634 1006 694 mihi
1030 692 1038 698 “
1045 634 1195 692 jecisse
1225 633 1494 680 fundamenta
1525 634 1669 676 defen-

143 694 271 737 sionis
298 696 558 751 tfieaet=quae
596 691 836 735 firmissima
865 697 976 743 sunt,
1009 707 1042 733 st
1073 687 1258 734 nita‘ntur
1279 692 1440 748 judicio
1471 707 1669 744 suorum3

86 947 95 957 ν
142 925 329 967 fontibus
363 925 536 976 profluxi
571 925 620 966 ad
657 922 880 965 hominum

41 761 94 783 *·'
143 766 281 810 neque
310 752 423 799 enim
444 751 560 795 vobis
590 751 686 792 satis
706 757 719 774 Ε
739 750 1032 791 commendata
1051 750 1176 806 hujus
1207 758 1306 791 aetas
1337 764 1423 792 esse
1454 760 1605 805 posset,
1639 749 1671 791 si

145 826 234 853 non
254 809 381 852 modo
401 809 557 865 parenti
578 807 647 850 tali
683 806 789 861 viro,·
808 806 1110 864 verfimſsefiam
1148 806 1379 863 municipio
1409 816 1495 849 tam
1528 807 1675 849 illustri
1692 817 1748 852 30

28 868 36 894 ‘¹
80 879 85 885 ·
143 882 193 910 ac
227 879 312 911 tam
342 867 452 924 gravi
473 856 715 930 displiceret.
777 866 1000 923 Equidem,
1035 876 1080 907 ut
1115 865 1164 907 ad
1196 880 1264 906 me
1298 874 1485 916 revertar,
1522 865 1572 907 ab
1608 865 1674 906 his

930 922 1116 965 famam:
1168 933 1208 964 et
1245 937 1362 963 meus
1402 922 1470 964 hic
1507 923 1678 964 forensis

146 982 262 1025 labor
280 982 456 1039 vitaeque
473 981 574 1024 ratio
595 980 822 1023 dimanavit
842 981 890 1023 ad
911 977 1263 1023 existimationem
1297 981 1522 1022 hominum
1553 981 1676 1037 paulo·

145 1040 286 1089 latius,
318 1039 680 1082 commendatione
725 1055 772 1081 ac
799 1039 957 1096 judicio
987 1053 1189 1081 meorum.

1268 1039 1403 1090 Nam,
1445 1039 1556 1095 quod
1599 1039 1678 1080 ob-

143 1100 302 1156 jectum
323 1108 384 1139 est
403 1097 452 1139 de
483 1097 699 1153 pudicitia,
723 1097 916 1154 quodque
932 1098 1140 1138 'omnium
1171 1092 1461 1138 accusatorum
1488 1112 1572 1138 non
1596 1095 1677 1138 cri·
1698 1105 1750 1140 35

147 1156 441 1209 minibus7sed
475 1156 645 1198 vocibus
669 1155 980 1213 maledictisque
1016 1155 1268 1197 celebratum
1304 1162 1378 1206 est,
1402 1153 1440 1195 id
1461 1169 1679 1211 nunquam
1758 1159 1760 1162 ’

149 1216 235 1257 iam
256 1208 413 1256 acerbe'
430 1212 529 1256 feret
564 1215 629 1255 M.
653 1213 832 1265 Ocelim,
855 1222 901 1255 ut
924 1215 938 1239 ‘¹
967 1228 1066 1255 eum
1103 1212 1301 1268 poeniteat
1328 1227 1423 1253 non,
1449 1211 1679 1254 deformem

146 1286 234 1315 esse
266 1280 440 1323 natum3
473 1281 570 1314 sunt
589 1271 700 1313 enim
734 1270 811 1313 ista
831 1270 1050 1313 maledicta
1071 1270 1308 1327 pervulgata
1325 1268 1368 1311 in
1390 1285 1552 1321 omnes,
1571 1285 1679 1326 quo-

124 1344 244 1372 .rum
265 1328 309 1371 in
330 1329 601 1372 adolescentia
632 1329 765 1371 forma
792 1339 831 1371 et
852 1329 1006 1385 species
1028 1328 1105 1370 fuit
1125 1327 1317 1370 liberalis·

150 1386 407 1438 maledicere,
442 1387 552 1429 aliud
592 1402 810 1440 accusare3
843 1386 1051 1429 accusatio
1082 1387 1239 1428 crimen
1270 1384 1484 1436 desiderat,
1518 1401 1604 1427 rem
1635 1395 1681 1428 ut
1699 1394 1756 1429 40

1379 1328 1457 1370 Sed
1493 1328 1601 1370 aliud
1622 1336 1683 1369 est

151 1444 334 1498 definiat,
347 1446 562 1487 hominem
577 1455 623 1487 ut
635 1454 764 1501 notet,
780 1454 1024 1503 argumento
1038 1444 1197 1503 probet,
1213 1452 1314 1486 teste
1329 1443 1568 1487 confirmet:
1589 1459 1681 1486 ma-

411 1614 428 1640 b
436 1625 589 1667 gratum.

193 1789 245 1824 20.
275 1787 508 1831 Municipibus]
534 1787 720 1831 NIunicipes
743 1787 892 1820 diceban-

147 1841 216 1870 tur,
235 1833 290 1876 qui
317 1833 350 1864 in
373 1833 537 1864 civitatem
565 1835 746 1864 Romanam
774 1833 893 1875 recepti

151 1879 294 1910 muneris
300 1877 596 1920 publiciparticipes
607 1877 741 1908 fiebant:
759 1877 812 1908 sed
823 1885 893 1908 tan·

149 1923 225 1953 dem
237 1922 366 1954 abusive
379 1922 555 1964 municipes
574 1922 651 1953 dicti
668 1930 740 1953 sunt
764 1933 827 1953 suas
844 1933 898 1953 cu-

152 1967 267 2010 jusque
282 1966 421 1997 civitatis
437 1967 528 1997 cives.
578 1967 625 1998 Ita
642 1966 811 2008 Ulpianus.

197 2014 248 2042 21.
267 2009 450 2052 Puteolani]
468 2011 594 2042 Puteoli
622 2011 731 2042 civitas
758 2011 898 2052 Campa-

152 2054 225 2093 niae,
240 2063 371 2098 propter
386 2065 481 2097 aquas
507 2055 634 2093 calidas,
649 2059 666 2087 a
692 2054 900 2088 multitudine

153 2107 326 2143 puteorum
340 2107 515 2130 nommata.

198 2145 250 2174 ⁴23.
268 2145 307 2175 In
323 2144 534 2184 amplissimum
548 2143 703 2183 ordinem]
729 2143 902 2186 Amplissi-

155 2199 224 2219 mus
240 2188 319 2220 ordo
345 2189 408 2220 fuit
435 2188 631 2224 Senatorius‚
655 2189 755 2231 major
772 2188 811 2220 ab
839 2187 901 2220 hoc

155 2240 314 2273 equester,
341 2241 373 2264 et
401 2232 528 2264 infimus
558 2232 719 2274 plebeius:
745 2232 902 2275 amplissi-

155 2286 226 2307 mus
242 2284 349 2308 autem
367 2277 446 2308 ordo
458 2277 489 2308 in
503 2277 688 2319 municipiis
703 2276 797 2307 Curia
813 2277 902 2308 dice·

156 2321 271 2359 batur;
294 2322 408 2353 Romae
426 2323 501 2352 vero
517 2322 655 2358 Senatus,
670 2330 701 2352 et
718 2322 773 2363 qui
790 2323 902 2352 Romae

155 2366 326 2404 &namt-es,
343 2366 377 2396 in
403 2365 583 2408 municipiis
609 2367 792 2397 Decurionee
818 2366 904 2397 dice-

158 2407 276 2440 bantur
289 2421 298 2447 ;
321 2421 353 2441 at
366 2410 418 2441 hic
437 2410 555 2442 Coelius
572 2410 616 2441 ita
628 2421 659 2441 se
672 2410 735 2442 suis
745 2410 908 2453 probavit,

160 2454 237 2484 utin
255 2453 347 2485 illum
361 2455 505 2486 ordinem
522 2455 625 2497 ipsum
642 2455 836 2497 cooptarint.

206 2498 455 2530 25.Lectissimos
467 2499 566 2542 viros]
579 2499 672 2530 Soliti
684 2507 775 2531 erant
783 2501 905 2531 Roma-

162 2552 280 2573 norum
293 2542 367 2573 socii
381 2543 518 2574 Romam
535 2543 825 2585 legatosmiittere3
851 2543 907 2586 qui

162 2597 222 2629 pro
238 2586 301 2617 reis
317 2586 535 2619 testimonium
551 2588 708 2625 dicerent,
723 2588 777 2630 qui
795 2600 826 2620 se
838 2588 908 2620 lau·

162 2629 314 2661 dabiliter
329 2630 362 2661 in
389 2631 550 2672 provincia
577 2641 752 2673 gesserant,
776 2632 826 2664 vel
849 2643 911 2675 pro

164 2674 208 2706 cis
219 2674 349 2706 nomine
362 2674 462 2706 totius
471 2676 638 2718 municipii
651 2677 910 2719 deprecarentur.

207 2719 253 2750 Ib.
273 2719 383 2749 Nostri
407 2719 546 2762 ordinis-‚J
562 2721 638 2752 Non
661 2721 818 2753 miserunt
843 2730 911 2752 tan-

165 2761 235 2795 tum
252 2762 638 2801 Puteolanos'SenatoreS,
660 2766 714 2796 sed
731 2766 830 2797 etiam
846 2766 912 2797 Ro-

165 2817 294 2845 manos3
310 2817 493 2849 quanquam
504 2809 670 2840 Senatores
681 2811 794 2841 Romae
810 2810 913 2841 domi—

166 2851 278 2888 cilium
293 2851 462 2890 haberent,
473 2859 580 2884 tamen
604 2851 676 2884 cim]
692 2861 781 2886 erant
792 2854 826 2886 in
842 2864 913 2886 mu-

803 1620 817 1638 c
828 1616 985 1666 placere.

1026 1568 1042 1580 μ

1196 1613 1213 1637 ‘³
1229 1613 1288 1651 ille
1304 1613 1433 1653 doleat.

937 1786 1062 1831 nicipiis
1077 1787 1162 1818 unde
1173 1787 1236 1819 orti
1249 1795 1353 1827 erant,
1364 1787 1463 1832 legati
1475 1788 1685 1823 decurionum

938 1833 1067 1864 decreto
1083 1832 1308 1864 mittebantur.

983 1880 1034 1908 28.
1044 1877 1078 1907 N
1080 1877 1196 1907 itamar
1199 1877 1314 1915 palicia
1322 1877 1465 1917 suorum]
1477 1880 1607 1921 Legunt
1619 1878 1685 1917 alii,

941 1921 1069 1959 nitatur,
1085 1921 1254 1953 referendo
1279 1921 1319 1952 ad
1345 1933 1456 1953 vocem
1472 1924 1687 1962 defensionis;

942 1966 1023 1997 adeo
1040 1973 1075 1998 ut
1091 1965 1145 1997 ille
1161 1966 1201 1997 sit
1230 1976 1346 2003 sensus,
1374 1966 1557 1999 firmissima
1572 1967 1688 1999 funda-

942 2018 1052 2042 menta
1068 2017 1154 2048 sunt,
1168 2010 1192 2042 si
1206 2010 1328 2053 judicio
1341 2022 1472 2044 suorum
1487 2012 1688 2055 municipum

946 2054 1041 2087 Coelii
1056 2054 1198 2086 defensio
1210 2054 1342 2086 nitatur.

990 2103 1040 2130 31.
1055 2099 1099 2130 Ab
1110 2099 1327 2142 hissontibus.]
1343 2098 1461 2130 Probat
1474 2099 1618 2143 exemplo
1632 2109 1689 2131 suo

946 2145 1074 2182 Cicero,
1089 2155 1120 2175 se
1135 2143 1196 2175 sibi
1212 2143 1251 2175 ab
1267 2144 1323 2174 hic
1351 2144 1460 2175 eadem
1486 2144 1690 2187 popularium

945 2199 1073 2220 suorum
1107 2187 1385 2220 commendatione
1424 2189 1534 2220 fecisse
1568 2189 1690 2220 famam

945 2233 1031 2276 apud
1045 2232 1203 2265 homines.

989 2278 1041 2309 132.
1058 2277 1195 2312 Forensis
1218 2276 1324 2320 Iahon]
1352 2277 1412 2308 Per
1427 2275 1586 2307 sorensem
1601 2274 1692 2307 labo·

946 2332 1028 2359 rem,
1045 2321 1234 2352 industriam
1250 2325 1312 2363 qua
1333 2321 1419 2353 valet
1434 2321 1468 2352 in
1485 2320 1582 2352 causis
1599 2331 1694 2363 pero-

948 2366 1056 2398 randis
1069 2367 1101 2397 in
1114 2365 1197 2403 foro,
1208 2365 1374 2408 significat.

995 2411 1049 2440 36.
1075 2411 1198 2441 Vocibus
1218 2408 1460 2451 maledictisque]
1495 2408 1648 2440 Convicia
1663 2415 1697 2441 et

949 2465 1043 2487 voces
1058 2466 1140 2497 saepe
1154 2455 1239 2486 idem
1252 2453 1443 2497 significant.
1489 2455 1584 2485 Certe
1603 2453 1698 2496 Ulpi·

950 2510 1029 2531 anus
1043 2499 1114 2532 vult
1126 2499 1289 2529 convicium
1305 2497 1470 2541 appellari,
1487 2498 1577 2538 quasi
1592 2508 1698 2530 convo·

952 2545 1042 2582 cium,
1056 2544 1117 2575 hoc
1133 2551 1192 2581 est,
1215 2542 1234 2574 a
1249 2543 1420 2574 collatione
1436 2553 1562 2580 vocum,
1578 2540 1651 2574 cum
1662 2543 1696 2573 in

953 2599 1051 2620 unum
1068 2588 1248 2628 complures
1259 2598 1351 2618 voces
1366 2585 1586 2618 conferuntur.
1631 2587 1698 2618 Hic

953 2641 1061 2664 autem
1079 2632 1217 2664 Coelium
1232 2632 1269 2665 ab
1284 2630 1484 2674 impudicitia
1500 2638 1638 2662 excusat.

997 2679 1048 2708 40.
1066 2678 1139 2708 Rem
1159 2681 1192 2706 uc
1207 2677 1350 2716 dqfinianj
1371 2675 1438 2718 Qi
1453 2682 1579 2706 accusat
1602 2674 1700 2707 debet

953 2729 1079 2753 certum
1095 2721 1214 2752 crimen
1225 2720 1351 2757 afferre,
1365 2730 1393 2749 ν.
1408 2730 1440 2761 g.
1454 2719 1589 2757 furtum,
1600 2719 1698 2751 sacri-

947 2766 1089 2808 ·legium,
1101 2765 1233 2802 caedem,
1250 2765 1306 2796 Sec.
1319 2763 1408 2806 quod
1421 2762 1491 2807 lege
1504 2763 1703 2807 judiciorum

957 2810 1061 2853 aliqu—>⁵2
1073 2808 1259 2841 vindicetur.

1539 2894 1707 2938 ledictio

1654 118 1737 155 915
