1872 3140
398 107 463 154 m
491 107 555 154 M.
587 101 917 163 ANTONIUM
944 104 1274 159 PHILIPPICA
1302 106 1356 148 11.
1626 107 1707 151 421

118 239 235 278 num,
261 239 421 281 semper
450 226 672 282 appellati?
701 242 772 276 cur
792 228 856 269 M.
885 226 1049 275 Brutus,
1077 235 1119 267 te
1147 221 1366 271 referente,
1394 220 1549 277 legibus
1576 230 1638 262 est

115 285 282 333 solutus,
311 283 344 324 si
386 285 449 325 ab.
469 286 569 326 urbe
602 275 694 340 plfi's
728 286 852 340 quam
891 285 1034 325 decem
1072 283 1158 323 dies
1186 276 1409 323 abfuisset?
1441 293 1511 318 cur
1550 277 1638 319 ludi

121 342 376 396 Apollinares
406 341 631 384 incredibili
661 341 726 384 M.
752 342 868 384 Bruti
889 342 1047 389 honore
1077 335 1297 381 celebrati?
1328 350 1400 378 cur
1418 334 1639 390 provinciae

125 397 262 439 Cassio
302 408 343 439 et
383 397 510 439 Bruto
549 399 692 440 datae?
724 414 796 441 cur
835 398 1068 454 Quaestores
1101 393 1259 441 additi?
1304 408 1376 437 cur
1409 394 1636 448 legatorum

124 468 320 502 numerus
351 453 520 497 auctus?
553 458 692 512 Atque
718 458 806 498 haec
838 467 925 496 acta
957 469 1030 509 per
1049 466 1118 494 te:
1146 467 1229 494 non
1252 452 1374 507 igitur
1395 449 1637 491 homicidae:
1656 449 1711 486 20

119 511 302 567 sequitur
331 522 377 554 ut
416 513 649 564 liberatores
688 525 760 555 tuo
788 512 942 566 judicio
977 511 1086 559 sint3
1119 509 1451 564 quandoquidem
1471 506 1639 548 tertium

116 568 222 610 nihil
242 580 373 624 potest
389 584 487 611 esse.
547 570 661 627 Quid
682 567 772 613 est?
803 581 903 611 num
924 567 1124 609 conturbo
1137 565 1208 608 te?
1239 581 1324 607 non
1343 565 1453 606 enim
1472 559 1641 606 fortasse

118 626 212 668 satis
240 641 330 681 quae
360 625 586 669 distinctius
611 628 816 677 dicuntur,
847 626 1066 680 intelligis;
1097 624 1167 664 sed
1189 636 1326 665 tamen
1346 624 1434 664 haec
1450 632 1509 663 est
1529 635 1641 663 sum-

117 696 185 724 ma
204 684 472 725 conclusionis
502 699 630 726 meae:
660 685 854 739 quoniam
891 683 1040 723 scelere
1069 676 1093 721 Ξ
1113 691 1154 722 te
1174 680 1331 724 liberati
1358 690 1466 728 sunt,
1496 679 1545 720 ab
1568 692 1640 720 eo·
1712 719 1718 725 ,

118 740 214 781 dem
236 752 276 781 te
307 741 557 796 amplissimis
591 740 766 796 praemiis
785 739 1010 797 dignissimi
1035 738 1205 791 judicati
1232 748 1336 780 sunt.
1397 737 1538 791 Itaque
1552 736 1638 789 jam
1658 734 1710 771 25

120 800 133 817 ⁶
153 810 297 839 retexo
317 799 542 839 orationem
563 813 710 844 meam,
740 799 911 839 scribam
931 797 981 838 ad
1001 797 1104 845 illos,
1134 805 1179 836 ut
1199 795 1231 836 si
1253 793 1352 850 quid
1372 791 1495 843 forte,
1526 793 1640 847 quod

119 850 145 895 Ξ
178 866 219 896 te
250 855 352 895 mihi
371 854 575 907 objectum
605 868 680 907 est,
713 866 912 910 quaerent,
942 854 1064 895 sit-ne
1084 867 1255 902 verum;
1286 865 1339 902 ne
1369 852 1643 906 cui‘negent:

119 913 273 952 etenim
292 925 449 961 vereor,
478 924 545 954 aut
577 928 628 955 ne
663 914 837 954 celatum
867 927 933 954 me
967 909 1043 951 illis
1075 909 1168 965 ipsis
1188 923 1272 951 non
1292 910 1540 957 honestum3
1571 916 1640 949 aut

117 968 334 1010 invitatum
354 967 548 1026 refugisse
570 971 669 1011 mihi
696 970 746 1011 sit
767 970 1055 1024 turpissimum.
1117 967 1224 1023 Quae
1244 967 1354 1008 enim
1375 981 1438 1008 res
1458 979 1641 1019 unquam

122 1025 247 1080 (proh
266 1037 402 1068 sancte
423 1025 579 1083 Jupiter
603 1026 632 1078 !)
652 1043 736 1069 non
751 1024 878 1068 modo
900 1028 940 1067 in
962 1024 1037 1066 h‘ac
1058 1026 1173 1074 urbe,
1189 1025 1260 1064 sed
1279 1024 1321 1064 in
1349 1024 1538 1064 omnibus
1557 1032 1639 1062 ter-
1658 1023 1712 1059 30

119 1083 173 1123 ris
208 1093 267 1125 est
303 1096 415 1135 gesta
447 1083 612 1137 major?
644 1099 734 1140 quae
768 1082 1010 1140 gloriosior?
1043 1096 1134 1137 quae
1162 1082 1483 1122 commendatior
1503 1080 1640 1120 homi.-

119 1154 220 1181 num
242 1142 448 1182 memoriae
469 1143 723 1197 sempiternae
747 1140 763 1183 ,Ρ
793 1143 834 1182 in
866 1142 986 1195 hujus
1013 1155 1081 1181 me
1101 1139 1255 1180 consilii
1276 1138 1522 1188 Societatem,
1551 1149 1643 1179 tam

121 1211 243 1251 quarn
265 1198 307 1237 in
334 1213 486 1252 equum
515 1199 743 1252 Trojanum
765 1214 856 1240 cum
878 1198 1124 1254 principibus
1143 1196 1315 1237 includis
1333 1194 1349 1237 ἓ
1379 1210 1463 1237 non
1483 1211 1641 1237 recuso.

119 1254 216 1308 Ago
236 1254 358 1295 etiam
378 1257 537 1311 gratias,
558 1272 723 1312 quoquo
743 1257 880 1297 animo
898 1255 1021 1304 facis;
1051 1265 1162 1295 tanta
1184 1253 1293 1294 enirn
1314 1269 1376 1294 res
1394 1264 1470 1304 est,
1500 1264 1544 1294 ut
1575 1255 1640 1293 in-

116 1311 268 1352 vidiam
287 1311 418 1362 istam,
448 1329 570 1368 quam
591 1326 634 1356 tu
667 1316 708 1355 in
741 1329 806 1354 me
841 1314 899 1353 vis
920 1311 1135 1360 concitare,
1163 1326 1257 1351 cum
1280 1312 1397 1351 laude
1416 1324 1501 1351 non
1531 1324 1642 1351 corn-
1661 1310 1711 1349 ‘35

119 1383 272 1422 parem.
334 1370 448 1425 Quid
473 1373 583 1412 enim
604 1373 756 1414 beatius
773 1372 863 1420 illis,
886 1385 987 1425 quos
1008 1380 1052 1410 tu
1074 1370 1260 1424 expulsos
1282 1366 1304 1408 ᾗ
1329 1380 1368 1409 te
1390 1368 1581 1423 praedicas
1601 1379 1642 1408 et

123 1424 354 1478 relegatos?
389 1428 456 1481 qui
489 1430 599 1470 locus
639 1440 696 1470 est
736 1440 803 1470 aut
839 1441 922 1469 tam
943 1428 1138 1476 desertus,
1168 1437 1236 1466 aut
1267 1437 1367 1466 tamt
1381 1425 1643 1475 inhumanus,

121 1483 194 1536 qui
215 1484 318 1532 illos,
334 1483 417 1538 quo
439 1487 690 1536 accesserint,
725 1501 808 1526 non
831 1486 944 1526 affari
965 1495 1087 1539 atque
1107 1495 1295 1538 appetere
1323 1483 1506 1523 videatur
1525 1482 1541 1523 ?
1572 1481 1642 1537 qui

120 1539 310 1581 homines
330 1551 412 1581 tam
428 1555 617 1598 agrestes,
648 1544 715 1598 qui
734 1558 789 1592 se,
806 1540 900 1584 cum
921 1557 988 1582 eos
1009 1542 1282 1595 adspexerint,
1312 1554 1395 1581 non
1418 1540 1642 1580 maximum

120 1597 272 1650 cepisse
290 1598 384 1638 vitae
404 1598 579 1641 fructum
602 1612 745 1657 putent
765 1599 780 1641 ?
811 1614 902 1655 quse
937 1596 1036 1639 vero
1070 1611 1153 1639 tarn
1183 1598 1399 1639 immemor
1419 1597 1642 1651 posteritaS,
1661 1604 1716 1639 40

122 1666 215 1708 quae
249 1665 333 1697 tam
370 1657 539 1712 ingratae
577 1659 706 1700 literae
744 1658 1013 1713 reperientur,
1049 1670 1139 1711 quae
1174 1670 1315 1696 eorum
1348 1655 1520 1710 gloriam
1558 1669 1644 1699 non

816 1834 830 1849 ²
848 1839 954 1867 muto.

171 2004 221 2035 16.
248 2005 289 2035 Te
311 2003 470 2043 referente]
490 2000 666 2035 Dicebatur
691 2004 716 2036 is
740 2004 863 2042 referre,

950 2003 1000 2032 19.
1022 1999 1205 2035 Legatorum
1224 1999 1384 2040 numerus]
1422 1997 1534 2040 Legati
1556 2004 1648 2040 erant

126 2049 183 2091 qui
199 2046 329 2089 primus
338 2048 529 2079 sententiam
547 2048 686 2088 rogabat.

907 2044 1141 2076 Proconsulum
1178 2044 1297 2080 vicarii,
1333 2042 1500 2085 vulgoque
1534 2043 1647 2075 decem

171 2092 205 2123 Ib
230 2091 407 2132 Legibusest
417 2091 547 2131 solutus-J
565 2090 649 2123 Cum
659 2092 780 2133 legibus
791 2100 866 2122 cau·-

126 2140 199 2167 mm
218 2142 308 2170 esset,
329 2145 370 2166 ne
393 2135 510 2166 Praetor
537 2137 657 2166 abesset
679 2134 748 2176 plus
763 2133 865 2176 quam

129 2179 237 2209 decen·
253 2179 317 2209 dies
343 2179 382 2210 ab
399 2179 497 2214 urbe;
521 2179 685 2209 Anvonius
708 2180 744 2209 de
768 2179 867 2208 Bruto

126 2223 234 2253 retu-it
257 2222 288 2252 in
305 2222 438 2259 Senatu,
465 2228 502 2252 ut
525 2221 633 2253 liceret
649 2223 766 2257 abesse,
787 2221 863 2252 curn

126 2265 171 2296 rei
200 2265 414 2296 frumentariae
441 2272 608 2305 praevectus
623 2274 716 2304 esset,
729 2266 863 2305 ideoque

130 2307 242 2348 legum
256 2309 439 2339 necessitate
455 2309 605 2339 liberatus
621 2317 676 2340 est.

175 2353 222 2380 17.
245 2349 321 2381 Lude·
337 2349 542 2393 Apollinares]
581 2352 629 2382 Illi
658 2352 723 2384 ludi
751 2353 783 2382 in
810 2353 867 2382 ho-

128 2402 242 2425 norem
258 2394 418 2435 Apollinis
432 2395 683 2433 celebrabantur,
704 2395 779 2426 cim
798 2406 865 2435 pes-

129 2437 254 2468 tilentia
266 2438 376 2468 anae
387 2439 602 2470 enssabatur:
618 2438 690 2470 illos
706 2439 865 2470 laureatus

130 2481 269 2520 populus
285 2482 456 2520 spectabat.

180 2526 228 2553 15.
244 2523 462 2561 Curprovinciae
474 2523 573 2555 Cassio
595 2530 622 2554 et
642 2525 764 2566 Bruta]
795 2526 867 2556 Ma·

132 2567 266 2597 ecdonia
281 2567 401 2598 decreta
418 2568 482 2606 jam
499 2569 598 2600 Bruto
611 2569 722 2603 fuerat,
737 2577 767 2599 et
779 2570 867 2610 Syria

133 2610 260 2640 camo:
284 2610 337 2640 sed
355 2612 430 2641 clim
463 2613 617 2642 Antonius
635 2613 869 2650 Macedoniam,

132 2659 167 2684 et
190 2653 310 2693 Syriam
340 2653 508 2687 Dolabella
531 2656 590 2687 sibi
611 2654 868 2694 assumpsissent,

134 2696 226 2727 Creta
243 2697 366 2734 eamve,
383 2698 529 2738 Bithynia
544 2698 644 2729 Bruto
660 2702 730 2730 data
747 2707 794 2729 est

181 2741 231 2771 19.
257 2742 314 2770 ἰιι
329 2746 400 2770 too-es
410 2740 500 2771 additi
515 2744 526 2780 j
544 2743 762 2783 Sequebantur
774 2742 872 2782 Quae·

134 2788 231 2814 stores
260 2786 291 2814 in
307 2786 503 2823 provincvam
521 2784 740 2823 Proconsules,
766 2786 805 2816 ad
820 2795 873 2825 pe-

133 2827 246 2859 eunias
259 2828 533 2861 administrandae.

815 2871 931 2911 ffc2

909 2089 1160 2129 as<ign2bamun
1175 2089 1292 2127 quibus
1315 2087 1454 2128 legiones
1469 2093 1502 2121 et
1526 2087 1647 2118 auxilia

910 2131 1183 2171 obtttnperabant.
1652 2143 1654 2145 >

954 2178 1003 2206 95.
1023 2175 1148 2206 Scrzbam
1165 2174 1204 2204 acl
1226 2173 1284 2204 'llos
1299 2171 1314 2215 ]
1339 2172 1505 2205 Hactenus
1521 2175 1647 2215 negavit

908 2219 1030 2255 Cicero,
1047 2228 1079 2249 se
1096 2222 1128 2248 in
1152 2216 1188 2248 εὲι
1211 2218 1307 2249 fuisse
1323 2219 1554 2256 conspiratione
1571 2227 1648 2248 con-

908 2271 955 2294 tra
973 2264 1155 2299 Caesarem;
1178 2270 1268 2291 nuno
1294 2263 1409 2291 ironic?
1441 2263 1495 2295 ait,
1519 2261 1550 2291 in
1563 2258 1599 2291 ea
1615 2269 1649 2302 se

910 2307 1019 2343 fuisse,
1034 2313 1064 2336 et
1083 2306 1277 2345 scripturum
1301 2306 1340 2334 ad
1364 2304 1501 2337 Brutum
1523 2310 1556 2340 et
1571 2305 1648 2347 Cas—

911 2351 1009 2386 sium,
1025 2357 1061 2379 ut
1077 2358 1145 2379 rcrn
1163 2356 1261 2380 totam
1281 2348 1431 2388 aperiant.

952 2393 1004 2423 9-3.
1020 2393 1058 2424 In
1081 2402 1185 2432 equum
1211 2390 1397 2434 Trojanum]
1429 2390 1466 2429 In
1491 2400 1576 2432 equo
1590 2389 1649 2431 lig·

908 2446 968 2468 neo
985 2437 1125 2467 inclusos
1147 2435 1242 2466 fuisse
1265 2436 1456 2466 Grztcorum
1479 2434 1648 2475 principes,

909 2481 1062 2520 scriptum
1084 2486 1129 2510 est
1145 2481 1178 2510 in
1194 2478 1332 2515 Fabulis,
1358 2479 1494 2517 undeque
1509 2478 1650 2519 erupisse

910 2523 951 2554 ad
967 2523 1096 2565 'frojam
1115 2523 1327 2553 evertendam.
1355 2521 1434 2552 Vide
1458 2521 1571 2558 virgil.
1592 2520 1648 2563 lib.

911 2569 940 2596 2.
958 2566 1086 2597 AEneid.
1127 2565 1217 2596 Hinc
1235 2573 1349 2596 natum
1367 2572 1414 2596 est
1429 2563 1510 2594 illud
1523 2573 1650 2605 prover·

913 2610 1012 2641 bium.
1033 2606 1171 2646 Plinius,
1186 2609 1239 2640 lib.
1256 2610 1284 2637 7.
1301 2609 1411 2645 credit,
1430 2615 1552 2648 equum
1569 2606 1650 2640 Tre»

910 2654 1025 2692 janum
1049 2653 1147 2684 fuisse
1176 2653 1363 2683 machinam
1387 2649 1559 2686 muralem,
1577 2658 1652 2692 qua

913 2706 1003 2727 nunc
1015 2697 1093 2727 aries
1108 2695 1284 2737 appellatur
1297 2705 1306 2733 ς
1328 2693 1421 2736 eujus
1434 2693 1540 2735 Epeus
1555 2692 1651 2734 fabri·

915 2747 1002 2771 cator
1016 2747 1072 2771 est.

1486 2869 1654 2910 immor—
