1887 3109
103 122 186 157 254

560 119 627 159 M.
660 115 866 171 TULLH
896 110 1218 161 cicmzoms

170 230 317 281 scelus,
340 231 406 272 sed
428 229 550 271 etiam
580 229 839 271 hilarioribus
859 231 1003 284 oculis,
1027 234 1156 290 quarn
1191 233 1332 276 solitus
1347 248 1448 284 eras,
1480 233 1679 286 intuente,

168 287 347 329 delectus
375 302 580 329 servorum
603 286 827 327 habebatur
846 288 896 330 ab
915 304 979 340 eo,
1000 290 1070 345 qui
1090 289 1194 333 nihil
1214 290 1292 333 sibi
1312 305 1497 348 unquam
1516 305 1593 332 nec
1615 289 1677 332 fa·-

171 359 273 395 cere,
296 360 369 385 nec
390 344 472 399 pati
493 352 606 397 turpe
630 358 714 384 esse
734 343 878 396 duxit3
912 361 1025 388 arma
1055 347 1098 390 in
1126 348 1280 404 templo
1313 347 1511 400 Castoris,
1532 350 1560 389 ὀ
1580 362 1678 403 pro·

97 410 153 442 40
169 401 274 442 ditor
320 400 565 454 templorum
605 400 821 442 omnium!
873 402 1034 444 vidente
1072 413 1126 454 te,
1169 404 1521 447 constituebantur
1548 404 1600 447 ab
1630 419 1681 445 eo

166 458 336 508 latrone,
369 456 434 497 cui
470 456 669 512 templum
701 457 799 498 illud
835 456 927 509 fuit,
961 468 999 501 te
1047 461 1227 511 consule,
1257 477 1327 504 arx
1357 461 1508 504 civium
1541 461 1676 518 perdi-

163 526 316 565 torum,
358 513 658 569 receptaculum
687 524 867 557 veterum
900 515 1096 559 Catilinae
1136 517 1336 568 militum,
1367 519 1579 562 castellum
1610 517 1677 559 fo-

164 570 291 611 rensis
336 570 552 622 latrocinii,
598 572 763 613 bustum
796 573 932 630 legum
963 573 1157 616 omnium
1188 590 1234 616 ac
1265 573 1518 630 religionum.
1577 577 1679 619 Erat

161 643 242 669 non
275 627 412 669 solum
443 629 590 670 domus
634 644 741 679 mea,
775 631 841 671 sed
872 639 1006 672 totum
1038 631 1239 674 Palatium
1269 633 1440 682 Senatu,
1471 632 1677 689 equitibus

88 693 140 725 45
162 685 376 736 Romanis,
409 684 569 727 civitate
611 687 743 738 omni,
777 687 896 729 Italici

938 691 1092 730 cuncta
1120 688 1340 730 refertum:
1374 691 1475 730 cum
1509 699 1554 731 tu
1587 705 1676 732 non

157 743 282 784 modo
312 743 360 784 ad
391 758 485 784 eum
533 743 774 785 Ciceronem
824 744 962 798 (mitto
999 744 1113 787 enim
1142 746 1381 796 domestica,
1413 760 1508 802 quae
1536 747 1675 804 negari

156 809 355 854 possunt3
388 801 478 841 haec
498 815 796 852 commemoro,
819 817 911 857 quae
933 813 1028 844 sunt
1050 802 1200 857 palam)
1222 818 1307 845 non
1323 803 1465 854 modo,
1483 801 1673 860 inquam,

154 857 203 897 ad
224 871 336 908 eum,
358 857 423 898 cui
445 857 620 912 primam
657 858 835 900 comitiis
871 859 949 901 tuis
970 859 1133 901 dederas
1161 860 1344 902 tabulam
1375 860 1671 917 pr-aerogativae,

155 928 278 970 quem
301 914 341 955 in
363 915 513 955 Senatu
536 915 779 957 sententiam
802 917 971 971 rogabas
1003 916 1184 969 tertium,
1218 932 1435 974 nunquam
1455 917 1668 973 aspirasti:

81 978 136 1011 50
154 972 220 1012 sed
237 970 431 1012 omnibus
464 971 659 1022 consiliis,
681 988 776 1030 quae
809 974 856 1013 ad
878 988 944 1014 me
965 973 1284 1029 opprimendum
1303 974 1561 1026 parabantur,
1584 989 1671 1018 non

147 1027 367 1070 interfuisti
389 1028 542 1080 solum,
566 1031 707 1071 verum
728 1030 850 1071 etiam
881 1030 1158 1072 crudelissime
1191 1030 1404 1086 praefuisti.
1462 1031 1578 1074 Mihi
1597 1047 1670 1074 ve-

147 1088 194 1128 ro
214 1085 291 1142 ipsi
312 1101 451 1127 coram
471 1100 619 1142 genero
647 1101 755 1137 meo,
779 1086 1009 1143 propinquo
1028 1097 1117 1139 tuo,
1155 1104 1250 1144 quae
1285 1088 1416 1130 dicere
1446 1103 1568 1132 ausus
1588 1104 1631 1131 es
1647 1092 1667 1133 ἓ

148 1158 277 1200 egere,
319 1143 416 1185 foris
459 1158 544 1184 esse
595 1143 849 1195 Gabi-nium:
897 1143 984 1186 sine
1027 1145 1240 1201 provincia
1278 1156 1381 1188 stare
1409 1161 1496 1187 non
1522 1161 1667 1203 posse:

146 1216 261 1257 spem
307 1201 454 1242 habere
496 1201 521 1241 ὲ
562 1201 899 1257 tribuno-plebis,
943 1202 975 1243 si
1023 1211 1090 1244 tua
1129 1201 1301 1244 consilia
1331 1217 1427 1244 cum
1458 1202 1529 1245 illo
1559 1219 1669 1247 con-

75 1258 373 1315 55junxisses:
409 1258 606 1301 &Senatu
637 1258 804 1314 quidem
833 1259 1092 1313 desperasse:
1126 1259 1248 1316 hujus
1279 1268 1319 1301 te
1348 1259 1560 1316 cupiditati
1585 1261 1663 1303 ob-

142 1314 273 1372 sequi,
296 1315 415 1357 sicuti
444 1329 518 1372 ego
547 1313 736 1358 fecissem
765 1315 810 1358 in
839 1316 994 1374 collega
1022 1333 1141 1360 meo:
1173 1316 1278 1359 nihil
1306 1331 1394 1360 esse
1422 1318 1533 1376 quod
1553 1333 1661 1376 prae-

188 1622 238 1650 138.
266 1620 403 1651 Delectus
432 1619 614 1659 habebatur]
646 1620 881 1663 Dcligebantur

142 1664 239 1702 servi,
256 1664 311 1706 qui
327 1663 469 1695 omnium
481 1672 583 1696 essent
600 1665 755 1707 aptissimi
771 1666 810 1694 ad
821 1675 879 1694 cae-

138 1709 215 1740 dem
230 1708 417 1739 faciendam.

188 1753 237 1782 39.
247 1754 264 1783 I
267 1763 286 1782 n
298 1753 403 1793 templo
419 1751 753 1794 Castoris.]'remp1um
766 1751 790 1781 C
792 1759 878 1783 asto-

139 1796 196 1834 ris,
213 1797 307 1827 victis
315 1796 452 1831 Latinis,
475 1796 516 1827 ob
533 1796 723 1827 beneficium
737 1796 877 1827 victoriae

139 1843 185 1871 A.
202 1839 404 1872 posthumius
420 1840 557 1870 dictator
572 1850 654 1870 anno
672 1843 743 1875 258.
758 1840 790 1870 in
805 1839 876 1871 foro

138 1886 286 1915 Romano
301 1884 514 1926 posuit,quod
527 1884 622 1926 longo
633 1887 706 1923 pbst
721 1891 877 1925 tempore,

138 1928 233 1960 victis
255 1928 423 1964 Dalmatis,
438 1928 592 1958 Metellus
617 1927 815 1959 Dalmaticus
837 1939 875 1959 ex

136 1971 278 2004 hostium
289 1971 447 2002 manubiis
462 1971 636 2014 collapsum
652 1971 802 2003 restituit.

181 2016 230 2048 lb.
248 2017 388 2047 Proditor
409 2016 606 2059 templorum]
624 2015 711 2046 Elati·
733 2016 766 2046 id
782 2014 871 2053 dicit,

134 2071 240 2103 neque
265 2059 350 2090 enim
375 2059 439 2091 ulla
454 2059 574 2101 templa
597 2059 762 2090 violaverat
786 2059 871 2096 Piso,

130 2105 190 2136 sed
205 2103 360 2146 templum
377 2103 523 2141 Castoris,
535 2111 565 2134 et
581 2104 683 2134 aedem
699 2103 869 2145 Nympha-

131 2159 206 2180 rum
222 2147 349 2179 incendi
360 2147 376 2176 ὲ
390 2146 504 2177 Publio
524 2147 637 2178 Clodio
655 2147 784 2190 impune
799 2157 870 2190 per-

129 2192 268 2226 miserat.

173 2238 225 2268 41.
243 2236 299 2267 Cui
312 2234 448 2276 templum
466 2234 636 2277 illudfnit]
653 2235 791 2276 Egregia
802 2245 870 2265 am-

131 2280 299 2325 plificatio,
309 2288 346 2310 ut
361 2277 501 2321 pluribus
520 2279 624 2310 verbis
633 2279 679 2309 rei
694 2278 869 2321 indignita-

129 2335 202 2357 tem
216 2323 372 2355 ostendat.

173 2369 224 2398 48.
241 2367 375 2399 Comitiis
386 2364 471 2408 luia]
486 2366 520 2395 Id
534 2373 592 2403 est,
603 2365 740 2397 comitiis
751 2365 867 2407 aliqui—

129 2412 200 2449 bus,
214 2411 329 2454 quibus
345 2411 420 2441 Piso
436 2408 575 2451 praefuit.

173 2456 219 2488 lb.
235 2456 371 2487 Dederas
397 2453 530 2484 tabulam
541 2452 774 2495 praerogativa]
793 2453 863 2484 Hoc

123 2507 182 2537 est,
199 2499 318 2531 feceras
342 2504 535 2540 potestatem
557 2497 789 2539 Magistratum
805 2496 862 2527 eli-

122 2544 219 2586 gendi
231 2554 326 2585 quem
339 2542 444 2574 velles.
489 2541 547 2571 Est
562 2541 648 2572 enirn
661 2541 862 2581 proerogatira

121 2588 268 2626 quaedam
292 2586 458 2618 antelatio.
504 2584 721 2617 Unde‘tribus
744 2594 861 2626 praero-

121 2631 237 2671 gativae
254 2630 454 2668 dicebantur,
481 2640 550 2673 quae
574 2628 685 2672 primae
713 2628 859 2659 omnium

118 2675 309 2706 sententiam
325 2675 533 2717 rogabantur.

163 2722 216 2750 49.
232 2719 371 2760 Rogabas
383 2718 528 2761 tertium]
540 2715 729 2759 Pompeium
741 2714 854 2757 primo,

117 2761 233 2793 delnde
249 2763 405 2799 Crassum,
423 2770 493 2793 tum
509 2761 705 2792 ciceronem.

158 2806 204 2838 ib.
229 2806 392 2848 Nunquam
409 2804 570 2849 aspir-aista]
588 2803 753 2838 Desidiam
769 2809 857 2835 notat

926 1617 1047 1651 Pisonis
1061 1630 1070 1658 ς
1091 1616 1165 1648 cum
1186 1618 1273 1650 enim
1288 1617 1355 1661 ipse
1370 1616 1481 1650 Cicero
1497 1615 1535 1649 ab
1550 1615 1660 1650 inimi-

925 1664 969 1694 cis
982 1670 1193 1706 appeteretur,
1208 1671 1372 1704 nunquam
1388 1661 1463 1694 Piso
1475 1660 1593 1694 Consul
1603 1671 1658 1694 eo-

923 1715 1016 1738 natus
1031 1713 1078 1738 est
1094 1707 1123 1737 ei
1139 1717 1234 1748 opem
1248 1706 1342 1738 ferre.
1514 1709 1522 1713 “
1576 1709 1579 1712 ’
1602 1711 1605 1714 ’

965 1752 1017 1781 50.
1029 1749 1245 1793 Parabantur]
1258 1751 1340 1793 Qae
1353 1748 1372 1780 ὲ
1383 1748 1495 1782 Clodio
1511 1749 1659 1782 tribuno-

921 1794 1023 1837 plebis
1038 1801 1149 1825 contra
1172 1793 1355 1826 Ciceronem
1374 1793 1582 1836 parabantur,
1606 1795 1657 1826 vi·

919 1840 1014 1870 dente
1030 1837 1142 1869 Pisone
1157 1838 1241 1869 facta
1254 1846 1336 1869 sunt-

965 1886 1016 1913 52.
1034 1884 1139 1912 Coram
1152 1891 1259 1923 genero
1271 1881 1356 1924 mea]
1373 1883 1481 1913 Gener
1491 1881 1654 1915 Ciceronis

920 1926 992 1957 Piso
1007 1926 1162 1968 Crassipes
1185 1925 1258 1963 fuit,
1272 1925 1328 1967 qui
1341 1924 1482 1957 Tulliam
1494 1925 1658 1958 Ciceronis

917 1970 1014 2001 filiam
1026 1980 1159 2001 uxorem
1170 1970 1318 2008 duxerat3
1340 1979 1446 2011 quam,
1459 1977 1588 2002 mortuo
1599 1969 1657 2003 illo

914 2025 970 2046 suo
982 2013 1111 2051 marito,
1126 2013 1265 2045 Lentulo
1281 2014 1369 2045 dedit
1383 2020 1474 2055 pater
1485 2013 1609 2046 Cicero.

957 2059 1008 2088 53.
1028 2058 1138 2099 Egere,
1144 2058 1225 2095 soris
1234 2069 1293 2089 esse
1304 2058 1491 2097 Gabinium]
1503 2057 1653 2089 Abraha-

914 2113 984 2134 mus
999 2102 1067 2133 illas
1079 2112 1171 2133 voces
1186 2101 1226 2132 de
1241 2111 1303 2132 aere
1319 2101 1432 2138 alieno,
1453 2100 1488 2131 in
1503 2111 1568 2143 quo
1583 2108 1653 2133 erat

916 2145 1082 2183 Gabinius,
1105 2145 1257 2186 intelligit
1269 2155 1275 2173 t
1307 2144 1383 2185 quia
1409 2143 1502 2175 facile
1524 2144 1652 2177 latitant

913 2189 1082 2225 debitores,
1098 2196 1131 2220 ct
1144 2188 1251 2220 abesse
1262 2199 1294 2219 se
1309 2188 1447 2230 fingunt.

956 2235 1008 2264 54.
1024 2234 1107 2273 Spem
1130 2233 1236 2263 habere
1251 2233 1270 2262 τὶ
1286 2232 1316 2263 T
1314 2230 1550 2272 ributio-plebia]
1570 2232 1656 2274 Spe-
1670 2260 1675 2265 ,

913 2277 1005 2308 rabat
1019 2276 1173 2308 Gabinius
1184 2287 1215 2307 se
1227 2275 1425 2318 provinciam
1437 2274 1652 2317 obtenturum

912 2325 929 2351 a
945 2320 1075 2363 populo,
1098 2326 1234 2362 rogante
1256 2327 1288 2351 et
1303 2319 1520 2351 intercedente
1534 2329 1595 2362 pro
1609 2329 1650 2351 eo

912 2365 1025 2396 Publio
1035 2364 1146 2395 Clodio
1159 2362 1449 2405 Tribuno-plebis;
1465 2360 1537 2394 cum
1557 2362 1647 2396 aliter

909 2408 1045 2440 liberare
1061 2419 1093 2439 se
1110 2418 1168 2438 aere
1183 2407 1288 2438 alieno
1302 2417 1366 2439 non
1382 2415 1497 2449 posset.

951 2454 1002 2483 55.
1016 2453 1046 2482 A
1055 2453 1169 2482 Senatu
1181 2452 1295 2492 quidem
1306 2448 1492 2491 desperfisse]
1502 2451 1578 2483 Non
1587 2461 1649 2494 po-

906 2496 968 2527 tuit
981 2498 1115 2527 Senatus
1129 2495 1157 2526 ei
1169 2495 1369 2537 provinciam
1379 2495 1536 2536 denegare
1547 2507 1556 2533 ;
1569 2505 1644 2527 nam

905 2539 1029 2581 legibus
1044 2539 1165 2582 populo
1193 2539 1288 2570 Rom.
1312 2538 1495 2580 designatis,
1521 2539 1642 2570 Consu-

904 2583 987 2615 libus
1001 2583 1202 2614 decernendae
1218 2590 1309 2614 erant
1324 2582 1509 2625 provinciae.
1535 2583 1646 2625 Qare

903 2627 964 2659 hoe
988 2626 1099 2669 potitis
1122 2627 1162 2657 ad
1187 2634 1372 2658 ornamenta
1401 2625 1641 2669 provinciarum

900 2671 1052 2714 pertinet,
1065 2669 1166 2702 veluti
1178 2670 1219 2702 ad
1231 2670 1406 2702 exercitum
1417 2676 1450 2701 et
1461 2668 1640 2712 pecuniam.

945 2718 997 2746 56.
1010 2716 1029 2746 I
1031 2726 1049 2745 n
1064 2712 1174 2755 colleg&
1184 2715 1274 2755 mem]
1288 2713 1471 2755 Antonium
1485 2711 1641 2754 collegam

901 2769 995 2790 suum
1011 2758 1120 2790 Cicero
1135 2758 1309 2799 mitigavit,
1323 2757 1463 2790 cedendo
1477 2755 1508 2788 ei
1524 2756 1640 2791 Mace·

898 2802 1044 2842 doniam,
1058 2812 1153 2846 quam
1169 2802 1300 2837 sortitus
1314 2809 1392 2836 erat·
1511 2840 1518 2848 ⁸
1553 2840 1561 2847 ,

1487 2839 1639 2884 sidium
