1887 3083
141 144 209 186 xiv
598 142 667 183 M.
698 139 909 183 TULLII
941 137 1268 182 CICERONIS

142 262 414 311 capesserent,
429 251 549 307 Reip.
569 260 695 293 status
709 250 759 292 ab
769 250 827 291 eis
842 249 1155 292 convelleretur:
1172 249 1295 292 Rullo
1304 248 1479 301 obstitit,
1498 265 1543 291 ac
1553 248 1733 306 primam

143 313 188 354 in
205 327 318 364 eum,
348 311 589 362 secundam,
621 319 661 350 et
692 307 850 349 tertiam
872 309 1100 349 orationem
1119 308 1390 350 Consularem
1414 307 1559 349 habuit
1578 317 1668 349 tum
1686 308 1731 349 in

143 371 312 421 Senatu,
346 377 435 410 tum
458 368 507 409 ad
527 366 744 421 populum,
777 364 989 422 effecitque
1010 374 1055 406 ut
1077 365 1263 420 Respub.
1287 380 1441 422 magno
1462 364 1730 423 largitionum

141 436 255 469 metu
266 427 525 468 liberaretur:
540 424 754 467 Othonem
765 423 918 478 populo
930 420 1185 464 conciliavit:
1199 437 1296 464 nam
1313 422 1377 463 ille
1388 423 1554 464 veniens
1566 422 1608 464 in
1620 424 1732 464 The-

142 496 293 536 atrum,
309 486 407 525 cstm
421 481 570 538 partim
587 481 637 522 ab
652 479 859 536 equitibus
872 494 1039 520 summo
1051 478 1211 535 plausu,
1225 479 1409 535 partima
1421 480 1537 535 plebe
1550 479 1681 522 sibilis
1692 489 1732 522 et

141 541 339 584 conviciis
354 541 618 595 exciperetur,
632 553 678 579 ac
692 536 794 579 nihil
811 537 939 593 prope
950 536 1123 588 abesset,
1138 536 1237 593 quin
1253 537 1385 578 caedes
1396 536 1731 594 utrinquemaxi-

138 615 210 641 ma
219 600 345 650 fieret,
359 599 507 640 Cicero
518 595 694 647 Consul,
706 595 770 651 cuj
778 610 822 636 us
833 603 915 636 erat
925 593 1043 636 saluti
1056 594 1207 635 civium
1221 593 1465 649 prospicere,
1477 595 1675 650 populum
1688 593 1734 636 in

141 656 405 708 concionem,
424 657 473 697 ad
485 654 615 695 aedem
632 652 817 695 Bellonae
829 651 1086 703 convocavit,
1103 650 1316 708 effecitque
1329 660 1369 692 et
1382 651 1733 707 reprehendendo,

139 723 180 755 et
200 714 368 769 paterni:
389 711 668 767 admonendo,
690 719 735 751 ut
749 709 925 751 universi
945 710 995 751 ad
1010 709 1237 751 Theatrum
1255 708 1399 750 reversi
1417 723 1571 766 magno
1587 707 1735 765 plausu

139 771 354 813 Othonem
377 770 627 826 exciperent:
661 768 767 823 apud
785 767 983 824 populum
1006 769 1101 808 vero
1117 766 1332 809 Rabirium
1350 765 1548 818 defendit,
1564 765 1647 819 cui,
1665 764 1733 807 in-

138 829 314 886 stigante
337 828 390 871 C.
412 827 526 870 Julio
545 826 726 877 Caesare,
758 824 842 866 dies
858 824 1148 881 perduellionis
1173 825 1196 865 a
1219 824 1406 866 Labieno
1426 823 1560 865 dictus
1577 833 1676 866 erat.

197 887 259 928 At
272 885 499 942 praesertim
518 883 713 926 Catilinae
725 880 1075 939 perniciosissime
1092 880 1283 923 omnium
1298 882 1348 923 de
1361 881 1523 937 Repub.
1543 881 1733 939 cogitan-

138 943 194 986 tis
214 943 335 1001 fregit
357 942 587 993 audaciam,
609 951 649 983 et
666 940 909 996 compressit
931 939 1127 996 impetus.
1162 939 1277 981 Cum
1304 937 1418 980 enim
1439 938 1506 980 ille
1526 938 1593 981 vix
1613 939 1734 981 ferret

141 1001 419 1058 antepositum
438 1000 516 1042 sibi
530 999 655 1041 fuisse
670 998 714 1040 in
728 998 957 1040 Consulatu
971 997 1146 1053 petendo
1161 997 1427 1047 Ciceronem,
1444 998 1733 1053 armaperlta-

140 1059 241 1101 liam
260 1059 361 1101 locis
376 1056 619 1114 opportunis
633 1064 838 1113 paraverat
845 1072 858 1108 3
877 1057 977 1112 quo,
1000 1070 1046 1096 ac
1056 1054 1283 1111 praesertim
1293 1053 1491 1106 Faesulas,
1512 1053 1735 1110 pecuniam

143 1118 220 1159 sua
241 1127 310 1159 aut
331 1116 560 1159 amicorum
585 1115 664 1156 fide
683 1122 910 1169 sumptam,
932 1114 981 1154 ad
1007 1113 1055 1154 C.
1078 1111 1291 1154 Manlium
1314 1113 1613 1154 Centurionem
1636 1125 1732 1168 por-

142 1174 271 1227 tabat,
289 1174 526 1230 multosque
543 1172 620 1214 sibi
637 1171 815 1229 cujusvis
833 1170 990 1228 generis
1010 1169 1201 1211 homines
1215 1169 1480 1227 adjungebat,
1499 1168 1734 1226 quibusju-

143 1232 336 1274 vantibus
359 1231 518 1274 Consul
541 1232 586 1272 in
606 1239 843 1286 sequentem
864 1242 1021 1269 annum
1039 1238 1109 1269 aut
1124 1226 1418 1285 designaretur,
1439 1235 1510 1268 aut
1522 1226 1732 1283 Rempub.

143 1290 325 1346 perderet
334 1307 347 1342 3
371 1289 411 1331 id
433 1288 506 1330 ubi
528 1296 786 1344 compertum
808 1285 955 1327 habuit
975 1284 1140 1337 Cicero,
1174 1284 1311 1327 retulit
1331 1285 1380 1327 ad
1404 1285 1620 1336 Senatum,
1642 1283 1732 1340 pla-

143 1346 337 1405 cuitque,
357 1357 404 1388 ut
423 1347 472 1388 ad
493 1361 679 1402 poenam,
711 1359 806 1401 quae
827 1342 1010 1385 ambitus
1030 1342 1196 1384 crimini
1216 1342 1440 1384 constituta
1459 1352 1558 1393 erat,
1589 1343 1734 1384 decem

141 1421 347 1447 annorum
368 1403 538 1446 exilium
557 1404 645 1460 lege
664 1402 746 1444 lata
770 1402 817 1443 ad
841 1401 1040 1457 populum
1063 1401 1287 1442 adderetur.
1347 1399 1567 1442 Ferebatur
1586 1399 1731 1441 eadem

140 1463 245 1521 lege,
277 1478 340 1504 ne·
357 1461 541 1514 biennio,
573 1476 655 1518 quo
686 1458 778 1516 quis
808 1468 959 1515 peteret
989 1458 1293 1516 magistratum,
1331 1457 1579 1513 petiturusve
1612 1466 1732 1509 esset,

141 1521 385 1578 gladiatores
405 1520 532 1572 daret,
564 1518 645 1560 nisi
667 1533 713 1559 ex
735 1525 982 1558 testamento
1002 1515 1234 1572 praestituta
1252 1515 1349 1556 die.'
1397 1513 1512 1557 Cum
1534 1514 1615 1555 hac
1646 1513 1736 1571 lege

142 1578 224 1634 peti
257 1593 300 1619 se
328 1576 512 1620 Catilina
542 1575 820 1626 arbitraretur,
853 1573 1048 1630 adjuncta
1078 1571 1157 1615 sibi
1188 1572 1475 1614 sceleratorum
1509 1569 1733 1613 hominum

140 1651 286 1688 manu,
317 1635 544 1677 interficere
568 1632 818 1675 Ciceronem
845 1631 887 1672 in
916 1645 1064 1686 campo
1086 1640 1258 1672 conatus
1277 1639 1353 1681 est,
1385 1639 1433 1671 ut
1451 1644 1499 1670 eo
1519 1627 1734 1670 interfecto

143 1693 280 1736 statim
315 1692 475 1736 Consul
510 1690 801 1748 designaretur.
862 1688 943 1731 Sed
980 1690 1080 1729 cum
1113 1687 1241 1743 pridie
1275 1686 1385 1728 illius
1420 1685 1500 1728 diei
1536 1685 1733 1729 Catilinae

143 1750 315 1793 consilia
336 1749 483 1793 Cicero
503 1749 551 1791 ad
574 1750 775 1790 Senatum
796 1744 1020 1798 detulisset,
1042 1744 1201 1787 factum
1217 1753 1278 1786 est
1295 1743 1731 1796 Senatusconsultum,

141 1824 195 1851 ne
215 1818 378 1866 postero
398 1807 462 1849 die
484 1805 654 1849 comitia
674 1805 935 1856 haberentur,
967 1812 1013 1845 ut
1040 1803 1089 1844 de
1119 1802 1170 1844 iis
1203 1802 1323 1844 rebus
1356 1801 1420 1858 agi
1441 1811 1578 1858 posset
1595 1800 1640 1843 in
1660 1801 1732 1843 Se-

141 1876 270 1909 natu:
304 1865 442 1921 itaque
474 1863 670 1921 postridie
697 1861 899 1918 frequenti
931 1861 1080 1903 Senatu
1103 1860 1328 1902 Catilinam
1351 1858 1558 1911 excitavit,
1583 1858 1731 1917 jussit·

141 1940 221 1980 que
240 1923 290 1966 iis
309 1923 359 1964 de
380 1923 499 1965 rebus
518 1921 666 1972 dicere,
698 1935 793 1977 quae
824 1920 873 1961 ad
896 1934 937 1960 se
957 1918 1089 1960 allatae
1107 1928 1256 1960 essent.
1316 1915 1439 1960 Nihil
1460 1915 1736 1959 dissimulavit

143 1981 340 2034 Catilina,
364 1980 546 2037 dixitque
569 1979 652 2021 duo
673 1992 842 2034 corpora
861 1992 946 2018 esse
967 1976 1011 2018 in
1043 1976 1205 2032 Repub.
1238 1990 1371 2017 unum
1402 1974 1537 2017 debile
1565 1967 1734 2017 infirrrio

141 2039 291 2096 capite,
323 2038 496 2080 alterum
521 2038 691 2079 firmum
714 2035 800 2077 sine
829 2034 982 2091 capite3
1015 2033 1134 2086 huic,
1167 2035 1267 2076 cum
1294 2033 1352 2075 ita
1378 2032 1429 2074 de
1463 2047 1505 2074 se
1534 2031 1733 2074 meritum

140 2106 260 2149 esset,
293 2107 416 2153 caput
435 2111 476 2138 se
495 2095 589 2137 vivo
609 2109 694 2136 non
715 2093 969 2134 defuturum.
1030 2093 1093 2133 Eo
1115 2091 1281 2136 interim
1301 2090 1383 2143 die,
1404 2090 1444 2132 id
1465 2098 1541 2142 est,
1569 2088 1733 2132 decimo

140 2164 304 2207 octavo,
337 2163 557 2210 antequam
578 2152 757 2208 primam
775 2150 1003 2192 orationem
1035 2149 1185 2192 Cicero
1202 2157 1346 2191 contra
1363 2146 1593 2191 Catilinam
1609 2145 1730 2200 dixit,

139 2213 297 2255 factum
317 2222 379 2254 est
397 2210 830 2260 senatusconsultum,
863 2217 909 2249 ut
938 2207 1123 2250 viderent
1154 2207 1375 2257 Consules,
1407 2219 1460 2247 ne
1485 2205 1584 2262 quid
1603 2204 1731 2247 detri-

140 2270 272 2312 menti
291 2279 452 2324 caperet
471 2268 654 2324 Respub.
687 2266 825 2323 itaque
854 2265 1001 2308 Cicero
1033 2279 1094 2308 res
1122 2273 1309 2306 externas
1337 2265 1398 2307 Q..
1416 2261 1590 2305 Metello
1609 2277 1730 2304 com-

138 2328 270 2381 misit,
303 2327 389 2383 ipse
409 2329 504 2368 vero
523 2325 639 2367 urbis
660 2339 802 2366 curam
824 2322 1017 2379 suscepit.
1082 2324 1196 2366 Cum
1225 2331 1364 2365 autem
1393 2320 1512 2362 sciret
1538 2319 1732 2362 homines

140 2387 376 2443 conjuratos
411 2384 454 2426 in
489 2397 687 2439 campum
721 2382 770 2423 ad
807 2380 978 2423 comitia
1011 2380 1174 2433 deduci,
1206 2379 1294 2435 ipse
1327 2377 1538 2420 descendit
1571 2377 1732 2435 ingenti

138 2443 269 2485 lorica
289 2454 434 2494 tectus,
467 2439 708 2483 firmissimo
729 2438 950 2480 hominum
972 2438 1164 2494 praesidio
1187 2438 1373 2494 stipatus.
1410 2435 1563 2478 Caeteri
1579 2435 1650 2492 qui
1667 2434 1729 2476 vi·

139 2501 290 2543 debant
323 2500 551 2542 Consulem
592 2496 826 2555 periclitari,
874 2497 922 2539 ad
962 2497 1048 2553 ejus
1085 2495 1369 2538 defensionem
1408 2501 1728 2536 concurrerunt:

139 2573 263 2615 quare
300 2557 495 2600 Catilinae
528 2564 567 2598 et
598 2554 777 2598 Antonii
813 2553 968 2610 copias,
1008 2563 1048 2595 ct
1086 2563 1281 2595 conatum
1324 2551 1583 2608 compressit,
1614 2550 1732 2593 nullo

138 2617 321 2658 tumultu
355 2614 545 2656 excitato.
627 2612 710 2656 His
745 2612 926 2653 comitiis
966 2611 1115 2653 iterum
1157 2610 1341 2653 Catilina
1376 2608 1582 2664 repulsam
1620 2607 1729 2650 tulit.

124 2675 256 2716 >Nam
277 2674 336 2715 D.
357 2672 509 2715 Junius
532 2671 711 2722 Silanus,
745 2680 783 2711 et
803 2671 856 2711 L.
879 2668 1069 2710 Licinius
1085 2669 1282 2711 Muraena
1303 2665 1508 2709 Consules
1529 2665 1732 2723 designati

137 2741 245 2772 sunt.
306 2731 465 2773 verta-n
503 2731 603 2770 cum
634 2727 784 2769 videret
819 2727 1003 2769 Catilina
1037 2741 1133 2768 suos
1167 2735 1339 2767 conatus
1378 2739 1524 2766 omnes
1562 2723 1731 2765 inutiles

136 2788 279 2840 fuisse,
311 2789 546 2845 conjuratos
577 2795 699 2828 nocte
724 2785 767 2826 in
800 2786 867 2827 M,
892 2784 1024 2825 Porcii
1046 2786 1186 2826 Laecae
1207 2783 1381 2825 domum
1403 2780 1660 2831 convocavit,
1682 2779 1733 2821 ea

136 2845 339 2898 videlicet,
372 2860 466 2903 quae
501 2852 710 2901 posterum
746 2842 857 2885 diem
892 2844 1117 2885 Non-arum
1150 2841 1362 2885 Novemb.
1399 2847 1622 2882 consecuta
1644 2845 1729 2937 Ξῖ.

1694 2910 1730 2935 ic

1870 1598 1879 1635 *·

1872 1637 1880 1738 ἒ

1874 2316 1886 2419 ‘'ti-4⁴
