1872 3135
531 146 759 192 ORATIO
792 149 903 192 PRO
935 148 988 192 L.
1016 145 1320 192 MURAENA.
1691 153 1777 195 179

153 261 226 307 illo
246 261 437 321 gravior?
472 262 725 320 sapientior?
762 263 938 304 Possum
965 261 1014 302 de
1046 261 1099 303 L.
1136 259 1345 318 Philippo,
1379 259 1430 302 de
1460 259 1515 302 C.
1554 258 1694 311 Gallo,

151 322 286 364 dicere
306 322 397 362 haec
418 321 586 366 eadem:
619 321 686 362 sed
709 331 748 362 te
768 320 945 362 domum
975 322 1064 377 jam
1099 318 1303 361 deducam
1336 328 1463 361 tuam.
1524 317 1690 360 Quem·
1709 326 1764 366 70

153 393 335 436 quamne
371 378 582 421 existimas
630 379 791 420 Catone
829 392 980 433 proavo
1030 388 1102 419 tuo
1142 377 1488 427 commodiorem,
1528 375 1692 418 comio-

152 450 256 488 rem,
289 435 606 483 moderatiorem
638 435 763 478 fuisse
794 437 843 477 ad
871 450 1041 477 omnem
1077 435 1279 477 rationem
1308 433 1608 476 humanitatis?
1643 433 1694 474 de

150 492 272 550 cujus
306 495 517 550 praestanti
556 495 704 536 virtute
734 496 835 536 cum
870 496 962 535 vere
999 493 1252 550 graviterque
1287 492 1457 544 diceres,
1495 491 1693 534 domesti-

152 566 251 593 cum
273 561 311 594 te
331 551 480 594 habere
499 552 642 595 dixisti
675 550 914 607 exemplum
949 551 998 591 ad
1032 550 1300 591 imitandum.
1360 550 1437 592 Est
1470 549 1570 591 illud
1594 549 1690 606 qui-

148 607 246 650 dem
266 610 507 666 exemplum
538 610 614 652 tibi
648 610 905 666 propositum
933 607 1074 649 domix
1110 607 1177 648 sed
1200 617 1340 648 tamen
1359 616 1518 649 naturae
1539 606 1686 649 simili·
1705 614 1757 654 75

149 666 250 708 tudo
272 667 379 710 illius
403 669 452 710 ad
474 679 511 709 te
531 668 679 723 magis,
703 667 775 723 qui
796 665 847 706 ab
869 664 942 706 illo
964 673 1077 705 ortus
1099 679 1158 716 es,
1181 664 1312 720 quam
1332 665 1380 706 ad
1403 680 1689 721 unumquem-

148 738 230 781 que
246 728 437 768 nostrum
459 726 666 781 pervenire
686 722 820 779 potuit
838 738 847 763 ε
879 723 929 763 ad
961 721 1213 763 imitandum
1235 724 1329 763 vero
1349 732 1435 763 tam
1466 721 1572 765 mihi
1593 738 1692 779 pro·

147 783 331 837 positum
367 782 580 839 exemplar
617 781 717 824 illud
738 790 814 832 est,
837 780 968 836 quam
988 778 1079 820 tibi.
1142 779 1221 820 Sed
1244 779 1277 821 si
1299 779 1406 820 illius
1429 779 1688 828 comitatem,

146 850 187 882 et
237 839 476 883 facilitatem
526 849 609 881 tuae
654 837 840 897 gravitati
886 836 1170 894 severitatique
1215 837 1446 893 asperseris,
1489 853 1574 879 non
1612 839 1690 880 ista

145 898 313 954 quidem
334 902 455 939 erunt
474 897 659 950 meliora,
695 912 790 954 quae
824 911 939 937 nunc
974 905 1072 936 sunt
1101 894 1275 950 optima,
1298 894 1367 936 sed
1389 897 1497 937 certe
1520 895 1689 938 condita
1703 904 1758 938 80

140 955 390 1012 jucundius.

202 1014 325 1056 XIV.
356 1014 513 1065 Quare,
545 1023 592 1056 ut
626 1012 676 1056 ad
716 1011 757 1055 id
796 1010 906 1068 quod
947 1009 1107 1053 institui
1148 1022 1336 1062 revertar,
1378 1009 1475 1052 tolle
1519 1010 1626 1053 mihi
1667 1013 1688 1054 ὲ

146 1073 273 1113 οαυεὲ,
296 1079 312 1097 ²
341 1084 497 1113 nomen
536 1070 735 1115 Catonis:
784 1084 962 1120 remove,
999 1069 1347 1125 acpraetermitte
1381 1067 1689 1123 auctoritatem,

146 1143 242 1185 quae
276 1129 321 1172 in
347 1129 519 1187 judiciis
555 1140 626 1172 aut
660 1127 764 1171 nihil
800 1127 946 1179 valere,
971 1136 1041 1168 aut
1075 1126 1124 1168 ad
1157 1126 1331 1168 salutem
1369 1125 1488 1168 debet
1529 1127 1685 1169 valere:

146 1187 393 1245 congredere
423 1203 594 1230 mecum
614 1186 861 1229 criminibus
883 1186 996 1241 ipsis.
1059 1184 1175 1227 Quid
1197 1199 1383 1236 accusaS‚
1409 1185 1549 1227 Cato?
1586 1185 1686 1243 quid

146 1244 263 1287 affers
300 1246 342 1288 in
373 1244 615 1301 judicium?
650 1245 750 1302 quid
786 1243 951 1300 arguis?
987 1241 1217 1285 Ambitum
1249 1244 1452 1284 accusas?
1488 1258 1574 1284 non
1612 1244 1683 1285 de-
1731 1250 1754 1285 5

146 1300 286 1346 fendo.
348 1304 426 1346 Me
446 1303 728 1360 reprehendis,
766 1301 877 1359 quod
912 1301 1024 1343 idem
1059 1299 1279 1342 defendam
1311 1300 1422 1357 quod
1459 1299 1545 1358 lege
1566 1303 1688 1356 puni-

143 1361 303 1403 verim?
339 1360 483 1418 punivi
515 1361 739 1412 ambitum,
774 1375 860 1401 non
900 1358 1210 1401 innocentiam:
1245 1357 1451 1400 ambitum
1491 1361 1586 1401 vero
1624 1360 1688 1415 ip-

144 1427 240 1461 sum
258 1419 319 1461 vel
340 1429 481 1462 tecum
511 1420 733 1470 accusabo,
755 1418 789 1460 si
808 1415 936 1461 voles.
993 1415 1154 1459 Dixisti
1174 1416 1597 1467 senatusconsultum,
1620 1433 1690 1459 me

148 1475 362 1530 referente,
398 1488 486 1518 esse
523 1475 696 1519 factum.
758 1474 804 1518 Si
843 1474 1032 1518 mercede
1067 1473 1248 1530 corrupti
1284 1473 1452 1516 obviam
1490 1474 1688 1517 candida-

144 1533 197 1576 tis
228 1536 375 1587 issent,
412 1535 445 1577 si
481 1534 677 1577 conducti
710 1542 980 1584 sectarentur,
1016 1532 1049 1574 si
1081 1531 1374 1590 gladiatoribus
1406 1531 1533 1590 vulgo
1570 1533 1688 1575 locus·
1708 1539 1758 1574 10

145 1592 350 1646 tributim,
372 1601 412 1634 et
433 1591 534 1634 item
554 1591 725 1648 prandia
760 1591 793 1633 si
815 1591 940 1648 vulgo
958 1600 1094 1632 esseut
1113 1590 1233 1642 data;
1268 1599 1412 1632 contra
1427 1589 1563 1647 legem
1584 1590 1687 1632 Cal-

145 1650 338 1706 purniam
359 1651 517 1692 factum
536 1649 678 1692 videri.
739 1650 851 1708 Ergo
883 1649 940 1691 ita
973 1650 1150 1691 Senatus
1177 1647 1339 1705 judicat
1376 1658 1521 1689 contra
1554 1647 1686 1705 legem

145 1707 254 1751 facta
284 1710 376 1751 haec
408 1707 551 1761 videri,
590 1708 622 1749 si
658 1707 768 1750 facta
807 1708 917 1750 sint:
950 1706 1148 1757 decernit,
1183 1705 1294 1763 quod
1332 1704 1437 1748 nihil
1471 1720 1576 1761 opus
1610 1715 1688 1759 est,

144 1767 247 1808 dum
266 1765 494 1809 candidatis
514 1781 676 1808 morem
709 1763 840 1822 gerit3
874 1779 975 1808 nam
1010 1764 1169 1806 factum
1205 1763 1272 1815 sit,
1294 1777 1442 1816 necne,
1468 1764 1691 1807 vehemen-

144 1834 204 1866 ter
220 1825 448 1882 quaeritur3
483 1824 516 1866 si
535 1823 694 1867 factum
714 1823 782 1876 sit,
821 1822 924 1882 quin
959 1832 1104 1865 contra
1137 1821 1272 1879 legem
1304 1821 1372 1874 sit,
1396 1821 1581 1864 dubitare
1610 1837 1683 1865 ne·
1706 1829 1754 1864 15

770 1973 787 1999 ί
798 1976 1058 2014 auctoritatem.

189 2129 243 2163 69.
257 2128 298 2163 L.
316 2129 481 2173 Philippa]
498 2129 668 2174 Philippus
693 2130 748 2164 ille
768 2129 892 2162 Graecis
934 2135 1021 2168 cero,
1048 2128 1138 2171 cujus
1165 2121 1372 2170 sequentibus
1400 2124 1548 2170 proxime
1579 2121 1688 2156 verbi&

145 2165 248 2208 literis
263 2175 424 2213 excelluit,
437 2184 474 2207 ut
486 2175 566 2207 dicit
583 2177 652 2208 Cic.
667 2176 701 2208 in
717 2178 830 2208 Bruto.
934 2181 1058 2219 puncta
1073 2172 1228 2213 quaelibet
1245 2171 1396 2214 explicat.

174 2218 280 2251 1b.De
291 2221 323 2252 C.
335 2220 448 2261 Galla]
469 2221 519 2252 De
526 2220 623 2252 Gallo
634 2221 779 2264 loquitur
791 2220 891 2252 etiam
983 2219 1033 2250 10.
1053 2218 1203 2249 conducti
1215 2215 1430 2258 sectarentur]
1453 2213 1614 2246 Homines
1630 2223 1687 2255 pe-

147 2262 180 2294 in
207 2264 320 2296 Bruto.
364 2264 564 2308 Astrologiae
581 2266 794 2308 peritissimus
815 2264 888 2296 fuit.
935 2263 1029 2296 cunia
1046 2261 1192 2304 corrupti
1207 2260 1339 2293 honoris
1367 2263 1460 2291 causa
1485 2259 1685 2294 candidatos,

147 2307 214 2338 Hic
228 2308 268 2340 de
284 2309 464 2352 Liguribus
478 2310 706 2353 triumphavit.
937 2307 1012 2340 eum
1028 2307 1062 2339 in
1086 2317 1237 2349 campum
1255 2304 1420 2337 Martium
1435 2304 1622 2339 veniebant,
1637 2312 1687 2333 se-

190 2352 241 2383 80.
262 2353 416 2395 Condita]
436 2353 590 2392 condita,
608 2358 625 2385 a
639 2354 828 2387 condiendo.
937 2351 1133 2395 quebantur,
1168 2359 1205 2382 ut
1237 2350 1311 2382 inde
1349 2355 1519 2392 appareret
1555 2345 1689 2390 populo,

193 2396 220 2427 1.
238 2397 351 2437 Quare,
368 2404 402 2430 ut
422 2400 463 2429 ad
476 2400 509 2429 id
520 2401 601 2441 quod
624 2398 771 2442 institui]
795 2397 895 2430 Redit
939 2397 1040 2440 quam
1055 2396 1146 2438 digni
1162 2402 1267 2427 essent
1282 2394 1491 2435 Magistratu.

144 2439 188 2472 aa
199 2450 280 2478 rem»
294 2443 441 2486 petitque
456 2451 494 2476 ut
519 2443 559 2475 ab
575 2443 635 2475 hac
651 2447 743 2476 causa
761 2443 895 2476 Catonis

145 2486 351 2519 removeatur
361 2488 546 2526 auctoritas,
551 2499 623 2530 quae
635 2488 707 2532 plus
717 2490 894 2524 Muraenae2

145 2528 247 2572 quam
276 2530 405 2573 objecta
430 2532 492 2575 ipsi
520 2533 669 2573 crimina,
696 2543 770 2577 quae
803 2531 894 2564 nulla

145 2581 233 2611 sunt,
247 2583 361 2607 nocere
377 2584 492 2619 potest.
587 2617 589 2620 ι

191 2619 224 2648 3.
240 2617 316 2651 Qu'ae
326 2620 512 2665 injudiciis]
524 2622 561 2653 In
574 2621 704 2664 judiciis
715 2631 780 2654 non
797 2620 893 2653 debet

146 2659 271 2696 attendi
301 2665 494 2696 accusatoris
523 2667 712 2705 auctoritas,
748 2674 786 2698 ut
823 2663 896 2708 quis

148 2708 336 2745 damnetur,
356 2709 411 2740 sed
422 2707 530 2751 potius
545 2711 742 2744 absolvatur.

191 2753 223 2783 7.
244 2753 360 2784 Punivi
375 2752 545 2797 ambitum]
562 2755 720 2787 Cicerone
736 2754 896 2786 referente

147 2796 189 2828 a‘d
204 2798 370 2834 Senatum,
382 2798 699 2831 Senatusconsultum
714 2799 837 2831 factum
850 2805 898 2829 est

144 2841 184 2873 de
207 2841 346 2881 ambitu,
360 2849 472 2874 contra
488 2852 586 2884 quem
606 2843 713 2885 legem
741 2843 815 2875 tulit
841 2842 898 2874 Ci-

985 2442 1035 2474 lb.
1058 2438 1312 2481 Gladiatoribus]
1330 2437 1474 2469 Vetabat
1500 2433 1555 2467 illa
1582 2433 1632 2465 lex
1647 2444 1689 2481 ne

936 2487 1008 2529 quis
1020 2495 1140 2517 munus
1147 2483 1377 2526 gladiatorium
1386 2481 1519 2513 biennio
1531 2489 1596 2521 quo
1610 2479 1689 2509 Ma-

937 2532 1110 2574 gistratum
1125 2528 1276 2571 petierat,
1291 2527 1494 2570 petiturusve
1509 2531 1591 2560 erat,
1613 2523 1687 2555 ede-

937 2583 999 2614 ret,
1016 2574 1078 2606 nisi
1094 2584 1133 2605 ex
1151 2579 1345 2605 testamento
1360 2569 1543 2612 praestituta
1558 2568 1620 2600 die.

986 2622 998 2649 1
1011 2620 1034 2651 Ι.
1046 2619 1160 2660 Legem
1171 2614 1392 2658 Calpurniam]
1407 2616 1453 2646 De
1467 2613 1525 2645 hac
1537 2613 1609 2655 lege
1619 2612 1688 2655 jam

940 2664 1067 2697 dictum
1083 2671 1141 2694 est.

988 2710 1038 2739 12.
1057 2709 1169 2738 Contra
1197 2705 1289 2746 Iegem
1309 2700 1432 2744 videri.]
1448 2700 1481 2732 Si
1497 2699 1567 2732 haec
1581 2700 1691 2731 omnia

942 2757 960 2785 a
977 2753 1129 2784 Muraena
1144 2749 1314 2782 commissa
1328 2755 1415 2786 sunt,
1430 2756 1502 2787 quae
1518 2752 1606 2777 vetat
1631 2744 1693 2780 lex,

942 2807 1008 2830 non
1024 2803 1077 2828 est
1093 2795 1229 2826 dubium
1245 2792 1322 2835 quin
1337 2798 1450 2822 contra
1462 2789 1568 2832 legem
1579 2788 1692 2831 pecca-

944 2841 1049 2879 verit3
1072 2847 1105 2872 at
1120 2839 1202 2876 haec,
1228 2844 1282 2868 aut
1303 2845 1418 2866 eorum
1440 2832 1548 2876 aliqua
1570 2832 1694 2868 fecisse.·

945 2885 1084 2929 probare
1101 2882 1218 2915 debent
1236 2879 1421 2913 adversarii.

1013 2941 1037 2968 P
1621 2931 1692 2960 mo
