1887 3083
899 114 1062 158 VITA.
1731 109 1773 152 ix

172 224 255 282 ipse
273 236 410 267 autem
426 223 598 281 quodvis
617 224 846 281 periculum
864 223 987 275 adire,
1006 223 1132 280 quam
1151 222 1174 264 ὲ
1192 220 1350 278 sperat&
1365 219 1528 262 dicendi
1545 219 1770 278 gloriadis-

171 284 311 324 cedere
331 283 485 334 mallet,
519 284 709 325 Athenas
730 282 937 339 profectus
959 293 1035 334 est,
1068 279 1140 322 ubi
1163 289 1423 321 commutato
1443 294 1588 335 genere
1608 278 1771 321 dicendi

169 341 311 382 vitavit
329 339 559 396 periculum
577 357 589 393 3
622 356 719 381 nam
740 340 1037 396 temperantius
1059 338 1146 379 sine
1167 337 1238 378 ill-a
1259 337 1428 379 summ&
1450 336 1562 378 vocis
1584 351 1631 378 ac
1645 336 1772 380 totius

169 398 351 453 corporis
367 398 632 440 contentione
643 398 769 440 dixit:
791 408 1011 454 antequam
1024 396 1263 446 discederet,
1279 394 1466 436 Aretinae
1479 393 1662 435 mulieris
1677 410 1774 436 cau-

169 470 258 496 sam
279 455 474 498 defendit.
507 455 688 498 Athenis
699 471 767 497 sex
784 471 945 497 menses
959 470 1056 496 cum
1074 453 1308 504 Antiocho,
1332 451 1560 493 clarissimo
1579 452 1770 494 Philoso-

169 514 270 568 pho,
289 514 472 555 studium
492 513 773 569 Philosophiae
786 528 1000 569 nunquam
1012 511 1293 552 intermissum
1307 511 1357 552 ab
1369 509 1644 552 adolescentia
1655 525 1773 552 reno-

167 571 295 613 vavit:
316 572 541 628 Epicureos
560 572 783 614 Phaedrum
802 581 841 613 et
857 572 1073 612 Zenonem
1085 568 1316 626 frequenter
1330 584 1426 610 cum
1443 567 1588 609 Attico
1598 568 1768 613 audivit.

528 716 746 759 ANNUS
780 715 957 758 URBIS
991 707 1288 756 CONDITAE
1312 716 1410 759 675.

273 830 277 835 ·
296 808 390 846 Coss.
409 807 471 845 ΠΙ.
491 806 649 845 sEmilio
669 806 826 857 Lepido,
859 808 899 844 Ω.
929 806 1080 842 Lutatio
1103 804 1245 847 Catulo,
1277 811 1360 840 ante
1377 803 1560 841 Cla-istum
1578 808 1640 844 77.

705 861 889 898 Ciceronis
906 860 1100 909 vigesimus
1117 869 1238 894 nonus.

224 946 325 988 Hoc
346 960 457 988 anno
473 943 696 1002 pediculari
719 944 868 987 morbo
886 943 929 985 in
945 959 1042 1001 agro
1055 942 1251 985 Cumano
1267 951 1456 984 mortuus
1472 952 1532 984 est
1543 943 1672 1001 Sylla,
1696 961 1770 987 cu-

158 1003 230 1061 jus
252 1006 350 1046 cum
373 1018 486 1045 mors
507 1002 703 1045 Ciceroni
723 1002 955 1044 renuntiata
975 1012 1051 1053 est,
1084 1001 1433 1058 confirmat'ajam
1457 1001 1703 1055 valetudine,
1736 1015 1776 1046 et

167 1062 358 1117 precibus
373 1061 622 1114 amicorum,
639 1071 678 1103 et
691 1060 895 1103 Antiochi
915 1058 1202 1102 cohortatione
1219 1059 1401 1101 Romam
1413 1058 1541 1100 redire
1554 1059 1711 1112 statuit,
1730 1071 1776 1103 ut

168 1119 488 1176 Rempublicam
521 1129 758 1175 capesseret.
818 1117 1002 1160 Athenis
1023 1118 1129 1174 apud
1150 1117 1416 1159 Demetrium
1438 1132 1523 1158 non
1545 1116 1775 1176 ignobilem

167 1177 331 1220 dicendi
351 1177 595 1235 magistrum
615 1176 896 1219 exercebatur:
921 1186 1012 1232 post
1029 1185 1156 1217 totam
1175 1173 1323 1227 Asiam
1336 1173 1522 1216 lustravit
1539 1191 1635 1218 cum
1655 1192 1774 1218 sum-

165 1234 249 1277 mis
269 1235 516 1278 oratoribus.
568 1234 746 1277 Audivit
765 1233 1022 1291 Menippum
1043 1242 1326 1291 cognomento
1344 1233 1566 1285 Catocam,
1587 1234 1776 1276 nobilem

166 1304 400 1346 oratorem3
434 1293 667 1335 Xenoclem
689 1292 1061 1350 Adramyttenum‚
1084 1290 1340 1348 AEschylum
1361 1289 1592 1344 Cnidium3
1612 1291 1777 1335 assidue

165 1361 304 1393 autem
328 1350 405 1393 fuit
427 1366 524 1392 cum
549 1350 754 1393 Cicerone
774 1349 1006 1408 Dionysius
1034 1351 1230 1407 Magnes,
1291 1347 1424 1391 Venit
1452 1350 1669 1402 Rhodum,
1702 1350 1777 1393 ubi

162 1407 332 1461 iterum,
355 1424 479 1466 quem
500 1410 585 1466 jam
604 1410 754 1451 Romae
776 1408 997 1451 Molonem
1019 1407 1243 1459 audiverat,
1266 1405 1555 1463 frequentavit,
1574 1407 1647 1464 qui
1663 1417 1778 1450 actor

162 1467 210 1521 *in
230 1467 332 1509 veris
348 1466 496 1520 causis,
521 1466 778 1523 scriptorque
796 1465 966 1519 nobilis,
989 1465 1083 1509 etin
1099 1464 1633 1523 notandiscorrigendisque
1646 1465 1775 1520 vitiis,

165 1534 206 1565 et
221 1524 492 1576 instituendo,
525 1524 795 1581 docendoque
815 1523 1164 1578 prudentissimus
1184 1522 1277 1565 fuit.
1342 1525 1383 1564 Is
1404 1522 1540 1565 effecit
1556 1532 1602 1565 ut
1623 1524 1774 1567 Cicero

164 1583 465 1624 redundantem
495 1581 624 1624 nimis
659 1581 773 1624 illam
810 1582 973 1624 dicendi
1003 1581 1168 1638 copiam
1200 1580 1452 1637 reprimeret,
1528 1580 1616 1623 Hic
1647 1581 1776 1626 fertur

157 1639 325 1697 rogasse
373 1639 623 1682 Ciceronem
663 1641 827 1681 Graecae
863 1639 1017 1697 linguae
1058 1639 1218 1691 rudem,
1251 1649 1297 1680 ut
1327 1638 1477 1681 Graece
1498 1639 1770 1684 declamaret:

164 1696 317 1754 paruit,
345 1706 390 1738 ut
411 1697 462 1739 ab
487 1711 535 1737 eo
556 1697 856 1754 emendaretur.
909 1700 1024 1739 Cum
1043 1707 1180 1739 autem
1200 1696 1336 1739 caeteri
1353 1696 1485 1739 multa
1501 1696 1551 1737 de
1568 1713 1591 1737 *e
1608 1696 1773 1742 icerone

164 1754 341 1812 gloriose
363 1753 649 1811 prtedicarent,
673 1753 779 1797 nihil
798 1755 953 1797 laetitiae
975 1770 1059 1810 prae
1075 1770 1115 1796 se
1131 1755 1223 1796 tulit
1240 1754 1386 1796 Molo:
1410 1755 1520 1811 quod
1543 1756 1642 1798 cum
1664 1757 1774 1815 aegre

167 1812 416 1855 Ciceronem
441 1812 542 1854 ferre
564 1811 772 1865 sensisset,
806 1811 1077 1855 exclamavit:
1118 1813 1162 1854 T
1159 1828 1180 1854 e
1198 1812 1336 1854 miror
1361 1811 1523 1865 Cicero,
1559 1820 1599 1855 et
1633 1815 1771 1868 ῖαιιζίο,

163 1872 236 1912 secl
247 1885 314 1912 'nze
331 1870 783 1924 Graecorzcmfhrtunae
797 1871 986 1924 miseret,
1005 1873 1103 1913 ciam
1118 1870 1298 1924 videam,
1314 1870 1517 1912 doctrinae
1529 1877 1568 1912 et
1581 1871 1772 1928 eloquen-

164 1928 234 1974 tz'ae
250 1929 436 1982 laudem,
455 1943 544 1984 quce
553 1929 638 1970 sola
653 1928 769 1971 nobis
781 1929 980 1984 restabat,
991 1943 1072 1985 per
1083 1936 1121 1970 te
1132 1930 1187 1970 ad
1199 1930 1412 1971 Romanos
1425 1928 1682 1972 translatum
1697 1930 1771 1974 iri.

524 2056 744 2114 ANNUS
781 2057 958 2100 URBIS
992 2056 1289 2100 CONDITAE
1311 2060 1410 2104 676.

266 2150 361 2189 Coss.
380 2148 434 2188 D.
451 2150 564 2187 szio
591 2149 725 2195 Bruto,
755 2149 915 2188 AEmilio
935 2149 1078 2200 Lepido
1097 2150 1269 2195 Liviano,
1300 2158 1388 2187 ante
1403 2149 1582 2188 Christum
1601 2152 1666 2188 76.

760 2204 948 2241 Ciceronis
961 2204 1176 2254 trigesimus.

220 2289 318 2332 Hoc
341 2305 452 2334 anno
474 2290 624 2334 Cicero
643 2304 684 2333 se
705 2290 859 2346 recepit
879 2290 900 2332 ὲ
925 2289 1111 2342 Graecis,
1134 2288 1306 2331 bie-nnio
1327 2290 1550 2348 postquam
1572 2290 1656 2332 huc
1672 2305 1771 2347 pro-

160 2346 292 2390 fectus
313 2357 413 2401 erat,
435 2358 547 2390 totus
570 2349 672 2404 pene
692 2357 893 2390 mutatus.
936 2348 1050 2390 Cum
1071 2356 1210 2389 autem
1229 2363 1402 2389 summo
1418 2347 1553 2389 studio
1567 2358 1774 2404 raperetur

162 2405 212 2446 ad
251 2405 442 2463 gloriam,
476 2407 595 2448 ardor
628 2407 716 2463 ejus
751 2405 919 2448 oraculo
955 2405 1136 2462 quodam
1174 2421 1376 2462 repressus
1412 2417 1495 2448 est:
1536 2421 1634 2448 nam
1671 2408 1775 2450 cum

161 2461 341 2518 Delphis
363 2462 463 2506 illud
489 2463 779 2516 consuluisset,
813 2463 1038 2520 respondit,
1070 2479 1187 2505 suam
1211 2473 1256 2506 ut
1275 2472 1484 2516 naturam,
1512 2479 1602 2506 non
1623 2464 1771 2507 multi-

164 2520 321 2563 tudinis
350 2522 613 2577 opinionem,
647 2522 798 2564 ducem
828 2521 923 2564 vitae
947 2531 1208 2578 sequeretur:
1241 2536 1367 2578 quare
1387 2522 1569 2564 Romam
1591 2537 1773 2565 reversus

162 2576 309 2620 timide
329 2578 447 2631 vixit,
471 2589 509 2621 et
530 2595 602 2636 per
621 2589 912 2637 contemptum
938 2579 1160 2621 Graeculus
1177 2579 1404 2636 appellatus
1424 2578 1484 2637 est
1501 2596 1510 2622 :
1535 2580 1603 2621 sed
1622 2581 1775 2636 partim

162 2634 304 2690 patris,
336 2637 486 2692 partim
510 2636 742 2680 amicorum
765 2636 1140 2691 adhortationibus,
1164 2653 1207 2679 se
1227 2647 1366 2679 totum
1385 2637 1624 2694 patrociniis
1644 2638 1772 2691 dedit,

161 2693 279 2734 tanta
315 2698 435 2749 porro
469 2694 679 2748 felicitate,
713 2705 759 2738 ut
779 2695 944 2737 dicendi
977 2695 1109 2753 gloria
1138 2695 1317 2751 reliquos
1347 2705 1528 2738 oratores
1558 2696 1775 2753 superarit.

153 2750 260 2791 —Hoc
283 2766 393 2793 anno
416 2752 638 2809 Pompeius
658 2753 857 2811 privatuS,
890 2763 930 2798 et
959 2753 1096 2797 adhue
1127 2755 1265 2811 Eques
1301 2768 1375 2811 pro
1409 2753 1596 2798 Consule
1631 2764 1777 2798 contra

161 2808 390 2854 Sertorium
410 2809 560 2854 missus
581 2820 656 2856 est.

1556 2870 1774 2921 ANNUS
