1872 3140
389 109 620 156 ORATIO
647 111 768 155 PRO
797 112 854 154 T.
887 111 1076 154 ANNIO
1105 110 1349 154 MILONE.

116 237 335 295 tyrannum
363 230 500 270 tulisse
526 226 720 269 creditis?
756 238 953 282 quantum
982 227 1122 268 odium
1151 224 1287 269 illius?
1318 239 1359 268 et
1388 226 1430 267 in
1459 227 1641 269 homine¹

117 287 280 339 injusto,
300 299 421 340 quam
441 286 563 327 etiam
577 285 733 337 justum
753 300 861 326 esse.
853 284 867 314 Ρ

173 342 249 383 ΙΧ.
285 342 508 397 Reliquum
539 353 613 391 est,
642 354 687 383 ut
715 342 799 394 jain
829 343 943 384 illum
973 351 1116 383 natura
1145 341 1265 396 ipsius
1295 341 1628 396 consuetudoque

116 397 336 449 defendat3
380 401 489 441 hunc
528 411 663 441 autem
703 401 790 440 haec
831 401 972 440 eadem
1015 410 1259 455 coarguant:
1274 432 1275 435 ,
1307 399 1409 438 nihil
1440 413 1512 453 per
1545 399 1628 439 vim

115 470 296 510 unquam
341 456 534 505 Clodius3
584 456 720 497 omnia
768 471 840 511 per
886 457 970 497 vim
1009 457 1128 497 Milo.
1198 457 1314 510 Quid
1361 470 1472 512 ergo,
1517 455 1630 497 Judi-

116 512 212 554 ces?
261 513 355 554 cum
383 515 670 556 moerentibus
715 514 828 555 vobis
870 514 973 554 urbe
1010 513 1122 560 cessi,
1168 513 1442 564 judicium-ne
1478 512 1627 554 timui?

115 583 200 611 non
231 585 379 621 servos,
399 585 484 612 non
513 586 637 620 arma,
666 585 750 611 non
779 569 892 610 vim?
923 584 1013 624 quae
1039 569 1178 610 fuisset
1210 570 1332 624 igitur
1366 585 1481 610 causa
1514 571 1629 612 resti-

115 628 257 669 tuendi
301 629 398 677 mei,
426 629 502 669 nisi
545 627 684 669 fuisset
727 627 872 678 injusta
906 625 1124 678 ejiciendi?
1184 633 1198 649 ¹
1227 627 1352 667 Diem
1395 627 1513 677 mihi,
1543 642 1629 669 cre-

116 685 188 733 do,
225 685 398 736 dixerat,
439 687 632 726 mulctam
678 681 887 738 irrogarat,
922 684 1124 724 actionem
1163 684 1448 738 perduellionis
1493 685 1629 726 inten-

116 743 261 792 derat;
305 753 346 783 et
389 743 490 782 mihi
533 741 720 782 videlicet
766 741 808 780 in
842 739 971 781 caus‘a
1020 751 1088 781 aut
1135 740 1257 789 mala,
1294 752 1362 781 aut
1401 739 1506 791 mea,
1543 757 1629 783 non

116 808 158 840 et
207 798 506 853 praeclarissima
553 809 594 839 et
631 797 779 846 vesti-21,
822 797 1021 849 judicium
1060 798 1289 838 timendum
1334 798 1442 848 fuit3

1491 813 1628 840 Servo—

116 871 223 904 rum,
262 865 302 896 et
336 857 543 910 egentium
583 856 732 896 civium
767 865 807 896 et
841 853 1162 896 facinorosorum
1201 855 1321 896 armis
1359 870 1472 897 meos
1504 857 1626 907 cives,

116 913 216 952 meis
248 913 423 954 consiliis
456 913 725 967 periculisque
759 922 950 960 servatos,
984 927 1057 966 pro
1084 927 1151 952 me
1184 913 1303 964 objici
1334 913 1458 953 nolui.

1530 913 1628 955 Vidi

115 969 240 1019 enim,
281 969 364 1011 vidi
402 971 512 1011 hunc
551 970 683 1024 ipsum
722 968 777 1014 Q.
813 968 1098 1018 Hortensium,
1136 971 1275 1010 lumen
1321 981 1363 1010 et
1408 985 1626 1018 ornamen-

1537 1039 1626 1068 tum

652 1203 669 1220 ⁸
685 1204 874 1238 vocaverat
892 1212 944 1236 me
959 1199 1085 1249 injus.

114 1491 204 1513 reum
228 1479 378 1515 Clodium
401 1484 440 1514 dc
461 1484 492 1514 vi
515 1482 584 1525 lege
608 1480 708 1514 Plotia
732 1484 845 1520 facere,

113 1527 200 1565 quoti
217 1527 454 1567 impressionem
467 1528 587 1558 fecisset
599 1528 629 1558 in
642 1528 744 1558 fabros
757 1527 847 1557 Cice-
864 1563 866 1565 Ι

113 1570 197 1600 ronis
223 1570 355 1601 domum
382 1570 587 1607 testificantes,
615 1576 689 1611 quae
718 1567 846 1608 publica

112 1612 249 1651 pecunia
265 1615 510 1648 restaurabatur,
527 1622 558 1644 et
575 1624 672 1653 quam
690 1614 754 1652 ipse
770 1613 846 1644 Clo-

111 1655 192 1692 dius,
206 1656 286 1687 dum
302 1656 413 1687 Cicero
427 1656 579 1694 exularet,
588 1657 775 1716 diruendam
791 1665 847 1687 cu-

110 1705 240 1730 faverat.

152 1742 204 1772 57.
230 1741 402 1783 Tyrannum.
406 1742 419 1785 ]
435 1742 586 1774 Clodium
601 1749 778 1785 tyrannum
791 1752 846 1773 vo-

110 1791 172 1816 cat.

123 1829 128 1832 ’
154 1828 202 1860 lb.
226 1827 268 1859 In
281 1829 389 1860 homine
399 1826 533 1871 injusta]
555 1830 590 1860 Id
602 1836 659 1867 est,
673 1829 706 1860 in
723 1828 847 1867 Clodio,

110 1871 218 1910 cujus,
249 1872 324 1904 licet
354 1872 407 1904 ille
443 1873 580 1912 injustus
616 1880 708 1911 esset,
741 1881 846 1904 causae
905 1902 908 1905 ⁴

111 1919 220 1945 tamen
234 1917 296 1947 odii
308 1917 342 1956 in
350 1913 510 1947 Milonem
517 1923 736 1947 accusatorem
747 1925 846 1955 suum

106 1956 202 1995 justae
214 1966 312 1990 erant.

157 2001 184 2031 1.
209 2000 363 2044 Reliqwcm
392 2007 444 2041 esi,
462 2005 494 2032 ue
514 2004 583 2043 jam
606 2001 687 2033 illum
711 2001 844 2041 παίω-ω]

110 2042 278 2077 Hactenus
317 2046 429 2077 Cicero
456 2055 533 2077 usus
565 2053 612 2077 est
649 2046 845 2086 argumentis

109 2089 247 2128 sumptis
262 2098 281 2119 a
296 2089 497 2128 conjecturis,
513 2098 601 2120 nunc
616 2089 655 2120 ab
676 2087 789 2120 natura
812 2095 844 2120 et

108 2132 341 2164 consuetudine
356 2133 514 2171 desumit,
539 2133 650 2173 incipit
670 2139 782 2176 autem
803 2133 843 2164 ab

108 2172 227 2213 Itonia,
244 2185 306 2216 qua
323 2177 437 2216 pungit
452 2175 616 2207 Clodium.

151 2215 342 2261 Ib.1l!um.]
367 2218 519 2255 Clodium
542 2219 598 2255 ait,
615 2217 706 2258 cujus
728 2213 847 2257 mores,

107 2267 268 2298 naturam,
286 2269 318 2293 et
339 2269 518 2299 anteactam
533 2263 635 2293 vitam
658 2262 853 2306 considerat.⁴

106 2335 109 2339 ,
148 2305 180 2334 2.
205 2304 320 2346 Hunc]
346 2305 522 2337 Milonem

149 2347 197 2379 Ib-
218 2347 304 2380 ndu!
309 2356 371 2399 per
376 2350 432 2380 vim
450 2347 601 2390 unquam]
622 2348 773 2380 Clodium
795 2349 843 2379 ni-

106 2388 156 2421 hil
172 2400 226 2431 per
238 2392 308 2424 vim
324 2393 422 2434 egisse
435 2392 553 2424 ironice
568 2391 657 2423 dicit.

151 2433 182 2464 4.
206 2432 407 2469 IlIoereusiIsus
413 2434 520 2478 vobin]
541 2435 707 2467 Senatores
729 2435 784 2476 qui
809 2436 842 2467 iu

107 2476 174 2508 suis
189 2474 336 2517 periculis
343 2484 429 2529 vests
476 2488 644 2522 nunquam
658 2479 839 2523 mutabant,

107 2520 142 2551 in
167 2518 330 2565 Ciceronis
340 2532 416 2566 peri
460 2522 493 2554 10
517 2529 734 2554 mutaverunt.
777 2521 840 2554 Hic

106 2570 218 2594 autem
233 2562 301 2595 vim
310 2555 460 2598 factam
446 2575 464 2595 a
481 2565 571 2596 Clodi
575 2575 594 2597 0
606 2565 764 2597 describit.

152 2606 200 2638 lb.
227 2598 306 2637 [Ji-be
322 2599 422 2647 emi]
455 2608 557 2639 Pridie
582 2618 681 2649 quam
709 2608 839 2640 Clodius

107 2655 228 2690 rogaret
242 2659 340 2682 suum
356 2650 569 2692 privilegium,
585 2651 663 2683 abiit
681 2651 816 2683 Cicero'
806 2662 839 2683 in

107 2691 327 2724 voluntarium
338 2693 493 2732 exilium;
515 2702 610 2735 atque
624 2696 703 2726 adeo
716 2695 791 2727 dicit
806 2705 839 2727 se

105 2736 186 2768 urbe
197 2737 354 2782 cessisse,
350 2746 423 2768 cum
441 2737 555 2780 iniuste
569 2738 722 2770 exularet.

149 2781 179 2812 5.
205 2778 273 2810 Non
287 2790 388 2817 sert-os,
410 2790 466 2812 noa
486 2780 598 2820 orma-1
619 2780 704 2813 Cizm
725 2781 840 2814 Cicero

105 2832 178 2854 teus
192 2823 295 2855 factus
310 2821 356 2855 dst
371 2833 388 2854 a
406 2823 529 2861 Clodio,
541 2821 663 2856 mutata
677 2832 762 2856 veste
773 2835 851 2861 sor-¹

103 2867 229 2900 didatus
244 2864 364 2909 populo
380 2866 588 2908 supplicavit;
612 2874 684 2900 tum
707 2868 840 2914 Clodius

892 1483 937 1514 illi
953 1482 1103 1514 omnibus
1122 1483 1198 1514 vicis
1212 1483 1396 1515 occurrebat
1418 1483 1551 1524 stipatus
1568 1486 1626 1517 ho-

891 1528 1033 1558 minibus
1072 1526 1323 1570 contumeliosis,
1354 1528 1410 1569 qui
1449 1530 1625 1568 petulanter

891 1569 1105 1601 mutationem
1126 1571 1232 1608 vestis,
1255 1578 1286 1600 et
1309 1571 1376 1609 ejus
1400 1572 1547 1602 habitum
1571 1583 1628 1603 ex-

890 1614 1055 1653 agitantes,
1071 1614 1246 1663 multisque
1259 1613 1335 1645 locis
1346 1615 1415 1645 luto
1428 1614 1626 1655 &lapidibus

891 1656 923 1686 in
939 1666 1014 1687 eum
1030 1656 1193 1696 conjectis,
1210 1657 1452 1696 supplicationes
1475 1659 1625 1699 impedie-

890 1699 977 1730 bant.
1026 1701 1073 1730 lta
1090 1701 1152 1730 Dio
1168 1700 1224 1730 lib.
1239 1702 1291 1730 238.
1338 1709 1341 1711 ·

933 1743 966 1773 lb
984 1743 1054 1774 Qua·
1068 1743 1171 1780 sitisset
1191 1741 1307 1784 igitur]
1339 1745 1581 1784 Argumentum
1605 1746 1638 1783 321

890 1787 1232 1827 repugnantibus‚quia
1244 1788 1354 1818 Cicero
1365 1798 1427 1817 non
1441 1789 1550 1820 fuisset
1562 1800 1626 1820 res—-

890 1830 1016 1864 titutus,
1029 1830 1088 1860 nisi
1100 1839 1153 1869 per
1167 1831 1232 1860 vim
1246 1831 1391 1870 improbi:
1405 1831 1523 1869 ejectus
1535 1841 1632 1865 essem

931 1875 963 1904 7.
986 1871 1132 1904 Mulclam
1156 1871 1332 1914 irrogarat-J
1363 1874 1531 1905 Mulctam
1549 1877 1626 1907 irro-

888 1924 972 1955 gare,
998 1923 1046 1947 est
1071 1926 1179 1956 rogare
1201 1917 1372 1956 populum,
1396 1927 1437 1948 an
1465 1919 1624 1951 mulctam

888 1959 982 1990 alicui
998 1959 1074 1990 velit
1090 1960 1262 2000 imponere.

931 2003 980 2033 lb.
1000 2001 1232 2044 Perdueffioni-n]
1269 2003 1434 2035 Perduelles
1463 2004 1626 2037 dicebantur

887 2044 924 2075 ab
935 2046 1071 2087 antiquis,
1083 2057 1099 2086 q
1105 2057 1151 2076 cos
1162 2057 1212 2076 nos
1220 2048 1311 2076 hostes
1325 2047 1504 2088 appelw'amns
1519 2051 1625 2090 inquit

889 2083 1009 2120 Caius
1003 2100 1035 2120 in
1050 2089 1105 2120 lib.
1117 2090 1155 2120 de
1170 2091 1255 2121 verb
1272 2091 1374 2129 signif.
1395 2092 1638 2127 Perduellionis

886 2140 995 2164 autem
1006 2134 1128 2173 crimen
1140 2134 1172 2164 in
1185 2143 1238 2164 eos
1249 2134 1447 2174 cadebat,qui
1457 2142 1623 2168 summam

887 2175 1085 2216 Reipublicae
1101 2177 1288 2208 labefactare
1303 2179 1409 2208 conati
1425 2187 1527 2215 erant.
1558 2194 1561 2198 ·

932 2220 978 2250 lb.
1002 2219 1196 2260 Intenderat.]
1222 2221 1387 2251 Intendere
1399 2231 1454 2252 seu
1468 2223 1623 2254 intentare

886 2264 1025 2297 verbum
1049 2271 1095 2294 est
1117 2263 1217 2303 juris;
1244 2271 1275 2294 et
1303 2264 1385 2294 nihil
1397 2264 1492 2298 aliud
1520 2274 1638 2303 notat,.

887 2315 988 2348 quam
1003 2307 1125 2338 crimen
1139 2307 1171 2337 in
1184 2307 1241 2347 adt
1244 2308 1394 2338 ersarium
1399 2307 1520 2348 jacere:
1546 2310 1623 2341 hinc

887 2350 1022 2381 intentio
1038 2350 1195 2388 criminis,
1205 2351 1258 2380 cui
1274 2351 1445 2402 opponitur
1459 2353 1623 2389 recusatio

1617 118 1694 156 321

1653 861 1702 896 10

930 2394 959 2424 8.
984 2393 1028 2424 Et
1038 2393 1108 2424 milti
1128 2373 1254 2424 videlicet
1278 2393 1310 2424 in
1333 2403 1419 2423 mura
1441 2400 1491 2425 aut
1512 2394 1619 2438 mala]
1643 2429 1645 2436 Ι

887 2437 1008 2468 Ironia.
1001 2449 1008 2455 ·
1032 2438 1109 2468 dicit
1124 2446 1254 2468 causant
1267 2437 1414 2475 judicum
1428 2437 1533 2475 fuisse,
1543 2437 1623 2472 cum

883 2481 1061 2530 punivisset
1075 2480 1256 2512 Lentulum
1273 2486 1304 2511 et
1320 2480 1501 2520 Cethegum
1514 2483 1570 2522 qui
1586 2483 1637 2517 in)

884 2524 1106 2562 conjuratione
1125 2523 1272 2563 Catilinae
1293 2525 1440 2561 fuissent3
1463 2524 1571 2566 idque
1578 2535 1621 2557 ex

881 2566 973 2607 jussu
991 2567 1100 2608 populi
1118 2567 1148 2598 ὅτ.
1165 2560 1276 2598 Sen'a*
1249 2577 1305 2598 us·

926 2611 956 2641 9.
977 2610 1127 2641 Servorum
1161 2605 1189 2650 c't
1223 2609 1370 2650 egentium.
1378 2607 1394 2652 ]
1427 2600 1635 2645 suadebant-

883 2648 981 2685 multi
997 2654 1155 2696 Ciceroni,
1170 2661 1342 2693 antequam
1358 2653 1480 2685 cederet
1502 2655 1534 2686 in
1550 2656 1634 2690 exi-A

883 2697 978 2734 lium,
993 2706 1060 2728 rem
1070 2698 1189 2736 ipsam
1207 2703 1316 2727 contra
1343 2695 1494 2728 Clodium
1520 2699 1620 2731 armis

883 2741 1032 2781 experiri,
1043 2745 1075 2770 et
1090 2741 1160 2779 vim
1176 2740 1207 2770 vi
1231 2739 1402 2778 repellerez
1424 2741 1478 2771 sed
1502 2741 1618 2777 maluit

883 2784 992 2815 abire'
983 2794 1019 2814 m
1033 2774 1184 2821 exilium,
1195 2792 1297 2824 quam
1306 2783 1392 2823 cives
1402 2793 1477 2815 snos
1490 2785 1523 2816 in
1535 2784 1619 2827 peri·

881 2826 995 2859 culum
1011 2826 1180 2857 adducere.

927 2872 976 2901 12.
1000 2867 1035 2901 Ω.
1067 2862 1282 2908 Heumann]
1319 2867 1404 2907 Cum
1414 2871 1542 2910 factus
1562 2871 1619 2907 fu-

1544 2915 1616 2946 isset
