1872 3140
636 141 719 183 DE
748 139 1051 184 AMICITIA.
1598 154 1677 187 545

90 257 185 299 dem
215 266 439 308 moveatur,
473 255 566 313 eligi
589 270 658 310 par
692 264 775 296 est:
809 270 900 311 quae
936 254 1078 297 omnia
1114 255 1316 311 pertinent
1348 254 1396 298 ad
1432 257 1624 300 fidelita-'

90 324 203 366 tem3
236 329 368 370 neque
402 314 512 355 enim
553 313 679 353 fidum
717 322 847 367 potest.
877 326 962 353 esse
992 312 1207 369 multiplex
1229 313 1442 370 ingenium
1462 324 1500 355 et
1522 325 1607 356 tor·

90 380 286 414 tuosum:
320 386 452 428 neque
472 372 579 419 vero,
615 370 684 426 qui
721 385 805 410 non
839 368 983 410 iisdem
1023 370 1141 411 rebus
1161 383 1360 422 movetur,
1383 373 1609 428 natur-„ique

95 428 315 482 consentit,
348 440 417 470 aut
439 428 541 469 fidus
564 438 632 468 aut
669 426 822 468 stabilis
856 436 987 479 potest
1020 442 1119 468 esse.
1180 428 1428 469 Acldendum
1465 430 1608 471 eodem
1628 438 1678 472 10

78 494 166 537 'est,
190 495 234 527 ut
254 501 304 528 ne
323 486 564 529 criminibus
586 494 653 525 aut
675 483 893 524 inferendis
914 483 1148 535 delectetur,
1181 495 1250 526 aut
1271 486 1404 527 credat
1434 486 1607 528 oblatis:

92 557 183 598 quae
203 545 344 586 omnia
375 543 576 598 pertinent
598 542 644 582 ad
679 556 784 591 cani,
823 555 946 596 quam
965 542 1211 597 jamdudum
1244 552 1387 595 tracto,
1411 554 1608 586 constan-

93 601 207 642 tiam.
270 602 333 642 Ita
362 601 412 642 sit
434 614 570 641 verum
595 598 708 645 illud,
733 599 842 654 quod
863 597 980 638 initio
1001 598 1101 649 dixi,
1123 599 1383 651 Amicitiam,
1408 601 1485 642 nisi
1508 601 1613 644 inter

91 657 242 710 bonos,
266 673 350 699 esse
369 672 452 698 non
475 650 607 711 posse.
667 657 741 696 Est
769 654 879 695 enim
901 655 997 697 boni
1021 656 1110 707 viri,
1132 673 1257 712 quem
1288 660 1464 700 eundem
1501 660 1608 715 sapi-

93 725 229 757 entem
249 715 343 756 ]ieet
362 715 510 765 dicere,
535 714 631 753 brec*
645 712 726 753 duo
750 724 882 753 tenere
914 713 954 753 in
977 713 1183 755 amicitia:
1216 714 1418 769 primum,
1439 731 1488 757 ne
1510 717 1607 774 quid
1629 725 1677 759 15

93 772 237 815 fictum
257 771 322 823 sit,
346 787 444 813 neve
465 770 703 812 simulatum
721 785 727 810 :
762 772 896 826 aperte
915 771 1026 812 enim
1048 771 1107 812 vel
1139 772 1269 813 odisse
1288 773 1419 830 magis
1442 772 1609 831 ingenui

97 839 172 881 est',
205 831 329 886 quam
366 829 497 870 fronte
530 827 732 869 occultare
766 828 1008 869 sententiam
1026 845 1033 870 ;
1067 829 1226 880 deinde,
1264 845 1348 871 non
1386 831 1522 872 solum
1559 833 1611 874 ab

95 886 231 944 aliquo
262 887 399 929 allatas
434 883 756 948 criminationes
775 884 977 940 repellere,
1001 887 1069 927 sed
1107 902 1157 928 ne
1178 887 1312 943 ipsum
1336 889 1501 945 quidem
1524 904 1610 931 esse

97 944 385 1000 suspiciosum,
409 958 566 998 semper
581 942 730 999 aliquid
749 942 1054 985 existimantem
1072 943 1120 985 ab
1138 945 1272 986 amico
1292 961 1376 987 esse
1397 945 1609 989 violatum.

98 1001 282 1044 Accedat
302 1003 383 1043 huc
406 1001 580 1043 suavitas
617 1000 806 1056 qua—*darn
840 1009 998 1056 oportet
1031 1017 1268 1044 sermonum
1289 1012 1410 1060 atque
1430 1019 1610 1056 morum,
1628 1014 1682 1047 20

96 1059 417 1116 haudquaquam
451 1059 654 1100 mediocre
674 1057 987 1100 condimentum
1009 1058 1216 1100 amicitiae.
1277 1060 1459 1109 Tristitia
1478 1073 1616 1104 autem

98 1118 194 1158 etin
215 1117 330 1158 omni
352 1131 390 1157 re
405 1116 604 1169 severitas,
629 1114 750 1155 habet
772 1114 837 1155 illa
858 1115 1022 1172 qui-„iem
1043 1117 1307 1173 gravitate1n3
1345 1119 1411 1159 sed
1434 1119 1616 1162 amicitia

97 1173 307 1216 remissior
318 1188 402 1218 esse
420 1173 551 1224 debet,
571 1182 609 1213 et
626 1171 802 1224 liberior,
822 1182 860 1214 et
875 1173 1047 1225 dulcior,
1069 1185 1107 1215 et
1123 1175 1172 1216 ad
1190 1190 1358 1217 omnem
1377 1177 1615 1220 comitatem

100 1231 418 1287 facilitatemque
439 1229 669 1286 proclivior.
1360 1239 1362 1242 ’

102 1311 108 1314 -
156 1290 281 1331 XIX.
310 1288 462 1330 Existit
496 1298 631 1330 autem
667 1289 745 1328 hoc
779 1287 869 1329 loco
902 1289 1093 1345 quaedam
1125 1290 1298 1346 quaestio
1330 1290 1585 1335 subdifficilis
1605 1311 1614 1335 2

98 1362 199 1388 num
236 1346 399 1404 quando
435 1346 556 1387 amici
590 1344 700 1396 novi,
736 1344 847 1403 digni
883 1345 1078 1398 amicitia,
1115 1348 1315 1390 veteribus
1346 1349 1428 1390 sint
1448 1360 1618 1406 antepo-

99 1404 240 1456 nendi,
262 1413 306 1445 ut
336 1403 450 1461 equis
470 1402 612 1444 vetulis
633 1413 789 1452 teneros
811 1413 1054 1458 anteponere
1084 1405 1277 1448 solemus.
1340 1407 1516 1463 Indigna
1537 1409 1614 1449 ho-

98 1462 213 1504 'mine
232 1461 457 1513 dubitati03
490 1476 573 1502 non
595 1460 704 1501 enim
727 1476 811 1502 esse
832 1461 981 1503 debent
1001 1461 1292 1515 amicitiarum,
1317 1464 1421 1506 sieut
1444 1465 1615 1508 aliarum

101 1534 236 1562 rerum
272 1519 485 1561 satietates.
546 1519 588 1559 V
590 1518 776 1560 eterrima
811 1534 983 1575 quaeque
1006 1523 1083 1572 '(ut
1120 1536 1166 1561 ca
1204 1520 1312 1572 vina,
1348 1537 1442 1577 quae
1479 1533 1613 1565 vetus-

100 1585 224 1619 tatem
247 1577 396 1630 ferunt)
432 1591 516 1617 esse
546 1576 694 1617 debent
723 1577 985 1618 suavissima:
1017 1591 1241 1635 verumque
1276 1579 1373 1620 illud
1410 1590 1485 1633 est,
1508 1582 1617 1637 quod

99 1635 264 1687 dicitur,
286 1634 438 1676 multos
456 1633 615 1674 modios
633 1633 724 1675 salis
738 1634 859 1676 simul
881 1635 1056 1675 edendos
1074 1650 1173 1687 esse,
1195 1647 1237 1677 ut
1254 1637 1448 1680 amicitiae
1464 1654 1617 1680 munus

99 1692 305 1748 expletum
326 1692 401 1744 sit3
423 1691 617 1733 novitates
635 1702 788 1743 autem,
802 1692 834 1732 si
853 1707 966 1748 spem
985 1692 1171 1745 afferunt,
1185 1707 1230 1736 ut
1246 1704 1442 1752 tanquam
1463 1697 1503 1738 in
1524 1697 1617 1738 her-

99 1749 165 1792 bis
178 1764 264 1792 non
277 1749 488 1791 fallacibus
507 1748 660 1791 fructus
675 1760 878 1805 appareat,
898 1764 981 1791 non
1003 1760 1099 1792 sunt
1115 1751 1193 1792 illae
1212 1753 1375 1808 quidem
1396 1753 1615 1810 repudian-

100 1807 190 1860 dae3
223 1817 398 1850 vetustas
420 1817 557 1848 tamen
577 1806 668 1848 loco
691 1822 763 1848 suo
787 1808 1088 1860 conservanda3
1122 1811 1304 1851 maxima
1333 1820 1392 1852 eat
1422 1812 1536 1853 enim
1559 1813 1617 1854 vis
1639 1821 1688 1853 10

72 1906 78 1912 ,
98 1865 363 1908 ’νεωεῐᾶῐὶεεῖ
383 1864 706 1906 consuetudinis.
768 1866 885 1907 Quin
909 1864 996 1920 ipso
1017 1881 1138 1922 equo,
1161 1868 1278 1924 cujus
1296 1869 1421 1910 modo
1436 1869 1615 1911 mentio-

99 1937 197 1965 nem
230 1922 322 1974 feci‚
359 1923 392 1964 si
418 1922 530 1964 nulla
551 1937 609 1963 res
631 1921 840 1978 impediat,
869 1939 992 1965 nemo
1024 1934 1098 1976 est,
1121 1926 1191 1980 qui
1212 1941 1297 1967 non
1316 1941 1390 1978 eo,
1412 1941 1493 1982 quo
1515 1942 1618 1969 con-

101 1980 249 2032 suevit,
267 1979 464 2023 libentius
481 1989 631 2031 utatur,
645 1983 771 2036 quam
786 1979 1000 2022 intractato
1017 1992 1055 2023 et
1070 1998 1192 2024 novo.
1243 1984 1337 2025 Nec
1352 1987 1444 2026 vero
1462 1985 1503 2026 in
1522 1986 1618 2038 hoc,
1670 1996 1676 2006 ⁸

61 2045 63 2049 “
92 2038 212 2094 ‘quod
231 2047 291 2079 est
306 2036 474 2089 animal,
497 2038 563 2078 sed
583 2037 625 2078 in
642 2038 691 2079 iis
712 2038 850 2089 etiam,
874 2054 967 2094 quae
988 2049 1083 2080 sunt
1103 2040 1344 2092 inanimata,
1368 2044 1620 2084 consuetudo

97 2095 226 2137 valet:
251 2094 573 2151 eum‘loeisipsis
589 2095 835 2137 delectemur
847 2096 1079 2137 montuosis
1095 2097 1216 2139 etiam
1233 2107 1271 2139 et
1285 2099 1562 2156 sylvestribus,
1579 2101 1619 2144 in
1640 2107 1687 2142 15

101 2152 252 2210 quibus
273 2153 429 2195 diutius
451 2153 695 2194 commorati
715 2168 871 2195 sumus.
934 2154 1012 2195 Sed
1036 2156 1263 2197 max—imum
1283 2168 1341 2198 est
1358 2158 1399 2199 in
1418 2158 1617 2212 amicitia,

104 2211 353 2266 superiorem
375 2226 514 2268 parem
535 2225 620 2251 esse
639 2210 819 2252 inferiori
839 2227 846 2251 :
882 2226 988 2267 saepe
1019 2214 1130 2254 enim
1163 2215 1415 2256 excellentiae
1430 2217 1622 2271 quaedam

101 2277 221 2319 sunt,
234 2268 363 2324 qualis
377 2278 460 2310 erat
475 2267 681 2325 Scipionis
698 2268 741 2309 in
757 2278 912 2321 nostro,
929 2280 973 2310 ut
989 2270 1044 2310 ita
1058 2271 1207 2323 dicam,
1222 2286 1355 2329 grege.
1386 2275 1623 2330 Nunquam

104 2324 234 2367 seille
265 2324 398 2378 Philo,
435 2341 648 2383 nunquam
679 2326 862 2384 Rupilio,
900 2343 1116 2383 nunquam
1137 2330 1351 2372 Mummio
1373 2332 1619 2387 anteposuit,

101 2397 320 2441 *nunquam
350 2382 549 2426 inferioris
570 2384 721 2425 ordinis
743 2384 904 2436 amicis,
965 2386 1021 2428 Q.
1046 2388 1138 2428 vero
1171 2388 1410 2430 Maximum
1439 2387 1618 2442 fratrem,
1637 2396 1694 2430 20

103 2440 312 2498 egregium
332 2440 481 2490 virum,
503 2440 675 2482 omnino
697 2441 773 2483 sibi
800 2458 1062 2499 nequaquam
1081 2459 1233 2499 parem,
1256 2446 1366 2502 quod
1392 2446 1423 2487 is
1444 2447 1624 2489 anteibat

98 2507 237 2551 aetate,
256 2507 455 2555 tanquam
470 2498 717 2553 superiorem
735 2499 914 2551 colebat3
939 2516 1115 2558 suosque
1132 2517 1274 2544 omnes
1294 2519 1363 2558 per
1378 2518 1418 2544 se
1433 2519 1518 2546 esse
1534 2520 1624 2546 am-

104 2555 251 2613 pliores
267 2555 437 2598 volebat.
471 2556 598 2598 Quod
615 2555 850 2598 faciendum
871 2558 1201 2615 imitandumque
1219 2570 1277 2602 est
1288 2561 1504 2605 omnibus:
1529 2572 1572 2603 ut
1591 2562 1624 2605 si

104 2627 234 2671 quam
249 2613 527 2669 praestantiam
541 2614 715 2665 virtutis,
734 2614 904 2672 ingenii,
924 2615 1099 2657 fortunae
1116 2618 1325 2659 consecuti
1344 2630 1453 2670 sunt,
1474 2619 1623 2671 imper-

108 2673 211 2713 tiant
226 2685 316 2713 eam
348 2671 446 2723 suis,
469 2671 862 2730 communicentque
898 2688 994 2714 cum
1015 2674 1212 2729 proximis
1233 2695 1239 2716 ς
1270 2686 1316 2717 ut
1337 2676 1369 2717 si
1391 2678 1623 2732 parentibus
1641 2683 1692 2718 25

106 2731 191 2772 nati
208 2728 289 2771 sint
305 2729 549 2781 humilibus,
568 2728 599 2769 si
617 2730 870 2787 propinquos
888 2731 1065 2772 habeant
1085 2731 1369 2775 imbecilliores
1389 2733 1448 2775 vel
1467 2735 1624 2787 animo,

99 2786 168 2828 :vel
186 2786 364 2838 fortuna,
382 2802 523 2828 eorum
541 2797 714 2844 augeant
730 2802 844 2843 opes,
860 2788 999 2845 eisque
1017 2790 1163 2830 honori
1192 2790 1272 2832 sint
1297 2800 1335 2831 et
1349 2790 1558 2848 dignitati:
1582 2803 1628 2833 ut

107 2843 153 2887 in
173 2842 337 2897 fabulis,
358 2844 430 2902 qui
452 2843 690 2901 aliquandiu
710 2855 873 2902 propter
893 2846 1196 2902 ignorationem
1228 2847 1380 2905 stirpis>
1402 2860 1440 2893 et
1469 2849 1627 2906 generis

1588 2921 1633 2948 m

1660 1533 1682 1565 <ss
