1872 3135
483 112 715 158 ORATIO
749 112 861 156 PRO
891 111 942 156 L.
974 111 1286 158 MURAENA.

131 244 288 283 curam,
310 243 496 287 operam,
519 227 862 287 diligentiamque
884 243 1004 271 suam
1023 227 1067 271 in
1099 228 1300 287 petitione
1334 244 1422 272 non
1443 229 1573 286 possit
1595 247 1671 288 po-

129 302 240 330 nere.

128 345 330 388 nimirum
364 347 558 388 omnium
580 345 776 388 maxima.

303 288 386 345 Adj
396 289 565 345 ungitur
584 303 700 330 enim
721 288 998 330 accusationis
1019 288 1233 345 cogitatiO,
1254 303 1342 330 non
1363 303 1486 344 parva
1503 305 1580 342 res,
1605 291 1675 333 sed

837 347 1050 403 Magnum
1073 356 1135 387 est
1155 347 1269 388 enim
1292 357 1331 389 te
1353 361 1594 403 comparare
1611 364 1674 402 ea,

130 403 285 460 quibus
307 405 439 461 possis
470 402 687 446 hominem
712 406 734 445 ὲ
766 403 1201 461 civitate,·praesertim
1221 420 1308 447 non
1329 405 1516 462 inopem,
1540 422 1676 465 neque
1696 417 1751 451 30

128 460 364 515 infirmum,
388 463 626 505 exturbare:
660 461 732 520 qui
767 472 808 504 et
839 478 910 518 per
943 478 1001 514 se,
1037 471 1077 504 et
1109 477 1186 518 pen
1211 477 1325 516 suos,
1361 473 1402 506 et
1434 467 1527 508 vero
1548 465 1676 507 etiam

127 534 200 575 per
219 520 375 563 alienos
393 521 665 573 defendatur3
698 535 845 562 omnes
861 519 975 562 enim
999 520 1048 562 ad
1071 521 1253 576 pericula
1273 521 1551 578 propulsanda
1568 540 1674 566 con-

126 578 357 621 currimus:
392 579 520 637 etqui
542 594 628 621 non
650 579 790 634 aperte
811 578 973 619 inimici
997 592 1158 631 sumus,
1180 580 1307 621 etiam
1328 579 1611 635 alienissimis,
1635 583 1680 625 in

127 635 275 692 capitis
293 637 499 693 periculis,
517 636 868 679 amicissimorum
887 636 1027 677 officia
1041 645 1081 677 et
1095 637 1231 679 studia
1248 648 1509 692 praestamus.
1533 640 1678 684 Quare
1724 664 1725 669 =

127 708 205 751 ego
234 706 423 748 expertus
444 707 483 737 et
518 693 701 750 petendi,
733 702 773 733 et
808 692 1074 745 defendendi,
1097 703 1137 735 et
1175 696 1399 737 accusandi
1419 697 1673 754 molestiam,
1697 707 1750 742 35

127 752 187 793 sic
206 752 417 806 intellexi3
452 753 495 794 in
517 752 694 807 petendo
718 750 903 792 studium
926 766 1013 792 esse
1042 751 1313 806 acerrimum,
1343 753 1387 795 in
1419 754 1680 801 defendendo

126 810 333 863 officium,
368 810 412 853 in
442 810 678 853 accusando
711 808 914 852 laborem.

977 811 1125 868 Itaque
1160 810 1221 852 sic
1255 822 1407 863 sta1u0,
1438 813 1524 854 fieri
1561 817 1679 859 nullo

127 869 257 910 modo
279 884 413 924 pos-xe,
437 880 481 910 ut
503 868 614 910 idem
633 866 962 920 accusationem,
985 878 1024 910 et
1045 867 1290 924 petitionem
1313 871 1557 914 consulatus
1579 876 1675 917 dili·

128 936 272 983 genter
305 927 477 968 adornet
510 936 636 984 atque
671 925 875 978 instruat3
909 941 1044 969 unum
1084 927 1287 970 sustinere
1324 927 1448 984 pauci
1485 944 1676 986 possunt,

126 992 353 1042 utrumque
380 999 522 1027 nemo.

585 985 653 1028 Tu
674 985 772 1026 cum
797 995 836 1026 te
857 985 907 1025 de
927 992 942 1008 ⁰
962 984 1170 1026 curriculo
1191 985 1404 1041 petitionis
1424 989 1674 1045 deflexisses,
1695 1002 1754 1036 40

125 1041 404 1100 animumque
424 1043 474 1085 ad
491 1044 777 1085 accusandum
795 1042 1091 1095 transtulisses,
1106 1043 1355 1087 existimasti
1370 1055 1410 1087 te
1421 1047 1588 1105 utrique
1600 1065 1677 1092 ne-

124 1100 240 1157 gotio
262 1101 495 1144 satisfacere
531 1102 683 1158 posse?
719 1103 986 1143 vehementer
1014 1101 1185 1155 errasti3
1221 1103 1314 1160 quis
1335 1106 1454 1146 enim
1473 1106 1559 1147 dies
1578 1107 1674 1161 fuit,

127 1169 401 1217 posteaquam
440 1161 457 1184 ‘¹
491 1159 535 1201 in
571 1159 694 1202 istam
731 1159 957 1202 accusandi
979 1159 1352 1203 denunciationem
1387 1163 1596 1221 ingressus
1618 1183 1677 1219 es,

127 1231 254 1272 quem
275 1229 319 1260 tu
341 1233 427 1260 non
449 1227 586 1261 totum
607 1217 649 1259 in
672 1217 754 1259 ista
768 1218 923 1259 ratione
941 1219 1276 1275 consumpseris?
1314 1221 1472 1278 Legem
1492 1224 1679 1268 ambitus

125 1273 343 1332 flagitasti,
365 1293 463 1335 qnae
485 1276 562 1319 tibi
579 1291 664 1318 non
686 1277 845 1328 deerat3
879 1288 964 1318 erat
984 1276 1099 1318 enim
1122 1278 1380 1332 severissime
1405 1281 1557 1338 scripta
1579 1283 1678 1325 Cal-
1696 1294 1752 1327 45

127 1348 303 1388 purma5
337 1345 351 1362 Ε
370 1344 509 1393 gestus
541 1345 602 1377 est
633 1349 725 1378 mos
761 1343 802 1375 et
829 1334 1035 1376 voluntati
1054 1344 1095 1377 et
1115 1335 1306 1393 dignitati
1331 1348 1428 1380 tuae.

1492 1340 1573 1381 Sed
1595 1350 1680 1384 tota

127 1390 197 1434 illa
216 1391 285 1434 lex
315 1393 627 1436 accusationem
665 1402 797 1445 tuam,
829 1391 863 1433 si
885 1393 1056 1435 haberes
1089 1404 1314 1436 nocentem
1346 1411 1479 1449 reum,
1503 1396 1678 1442 fortasse

127 1452 354 1494 armasset:
388 1451 579 1507 petitioni
615 1453 712 1493 vero
734 1454 743 1476 ·’
762 1449 962 1508 refragata
996 1461 1080 1493 est:
1115 1468 1244 1509 poena
1265 1454 1426 1511 gravior
1446 1455 1488 1496 in
1513 1457 1680 1512 plebem

128 1511 204 1550 tua
220 1518 320 1550 voce
335 1508 559 1566 efflagitata
575 1518 636 1550 est
652 1525 665 1561 3
697 1510 901 1550 commoti
919 1508 1050 1551 animi
1066 1510 1329 1564 tenuiorum,
1353 1513 1526 1556 exilium
1544 1514 1585 1557 in
1605 1532 1680 1558 no-

127 1576 265 1610 strum
283 1567 502 1611 ordinem:
537 1566 744 1609 concessit
776 1567 949 1610 Senatus
984 1568 1257 1625 postulationi
1282 1581 1394 1624 tuae3
1430 1573 1498 1614 sed
1520 1588 1607 1618 non
1627 1575 1679 1618 li·
1701 1585 1755 1620 50

180 1747 195 1767 ⁸
212 1755 329 1783 cursu.

126 1931 253 1976 profert
276 1931 316 1964 ab
333 1931 562 1964 imminutione
578 1931 757 1976 diligentiae
775 1933 807 1964 in
823 1943 881 1975 pe·

127 1978 226 2009 tendo
250 1977 441 2017 Consulatu,
469 1989 539 2020 quae
567 1981 663 2010 tanto
689 1979 793 2022 major
820 1987 880 2016 est,

127 2023 250 2065 quanto
266 2021 428 2054 difficilior
444 2022 617 2054 accusatio.

173 2068 224 2098 29.
242 2067 424 2108 Comparare
448 2068 510 2107 ea.]
541 2066 663 2099 Multis
689 2067 786 2099 rebus
801 2078 882 2110 opus

125 2118 186 2149 est,
203 2119 239 2143 ut
261 2112 333 2154 quis
348 2111 551 2144 accusatione
567 2111 738 2154 dejiciatur
759 2111 777 2142 ὲ
803 2113 882 2143 Ma-

126 2156 285 2198 gistratu:
310 2165 441 2199 oportet
455 2156 623 2188 enimvero
638 2157 803 2199 inquirere
819 2157 882 2188 cri-

127 2201 229 2239 mina,
243 2212 430 2244 comparare
443 2209 554 2241 testes,
564 2201 810 2245 subscriptores,
826 2202 882 2234 ad-

125 2254 267 2284 vocatos,
282 2248 340 2278 ἃς.

172 2291 223 2323 31.
242 2290 442 2334 Exturbare]
459 2290 638 2323 Exturbare
654 2290 797 2334 aliquem
809 2296 825 2322 ὲ
838 2290 884 2323 ci-

127 2334 239 2374 vitate,
250 2344 299 2367 est
310 2334 386 2368 eur'n
399 2336 592 2378 compellere
604 2337 636 2367 in
651 2337 802 2368 exilium:
828 2338 883 2379 qui

130 2379 217 2410 enim
231 2391 293 2412 suae
305 2392 406 2412 causae
418 2381 618 2419 diffidebant,
633 2393 699 2413 non
713 2389 883 2425 expectato

126 2423 263 2466 judicio,
279 2425 412 2463 abibant
423 2425 454 2456 in
469 2425 612 2457 exilium.

173 2468 225 2500 84.
238 2471 355 2503 ,Quare
378 2481 432 2512 ego
456 2470 619 2514 expertura]
644 2469 882 2503 Difficultatcm

129 2513 163 2545 in
180 2515 359 2550 accusando
376 2514 394 2545 a
409 2519 545 2557 persona
561 2516 705 2547 assumit.

173 2560 227 2589 40.
243 2559 294 2589 De
307 2560 480 2600 curricula]
499 2561 653 2592 Ostendit
669 2561 758 2603 quod
775 2558 883 2603 Sulpi·

130 2602 196 2633 cius
227 2603 381 2645 petitioni
406 2604 602 2643 consulatus,
633 2615 666 2638 et
688 2604 884 2638 accusationi

129 2646 227 2679 simul
242 2658 308 2678 non
321 2649 444 2690 poterit
459 2650 649 2681 satisfacere.

176 2693 228 2722 45.
245 2693 366 2733 Scripta
382 2693 681 2737 calpurnia.}Tulit
692 2696 730 2727 C.
743 2693 884 2737 Calpur-

129 2736 203 2769 nius
218 2737 292 2768 Piso
309 2737 432 2768 Consul
446 2747 521 2769 cum
535 2740 588 2771 M.
606 2739 784 2771 Glabrione
798 2750 883 2770 anno

130 2782 222 2813 urbis
238 2781 313 2812 686.
331 2789 365 2812 ut
381 2781 522 2813 ambitos
533 2783 688 2819 damnati,
706 2784 812 2815 omnis
823 2784 883 2815 ho-

110 2850 113 2851 r
131 2826 219 2858 noris
230 2826 387 2869 petitione
400 2826 822 2871 prohiberentt‘mcertAque
829 2839 886 2871 pe·

131 2871 227 2905 cunia
237 2871 465 2904 multarentur.
517 2873 577 2903 Sed
592 2873 668 2905 curn
680 2873 748 2905 haec
758 2873 810 2905 lez
819 2883 885 2905 non

444 1743 461 1767 d
477 1745 682 1796 suscepisses
698 1746 969 1796 accusationem.

1075 1751 1092 1768 ⁶
1109 1747 1283 1785 obeditum
1301 1758 1361 1786 est.
1481 1747 1497 1772 f
1506 1754 1638 1790 nocuit.

923 1932 1001 1964 satis
1011 1931 1155 1975 Sulpicio
1171 1934 1282 1976 gravis
1297 1934 1476 1974 videretur,
1494 1936 1565 1979 ipso
1588 1940 1677 1970 anni·

925 1986 1015 2009 tente
1033 1979 1150 2010 Cicero
1166 1979 1263 2010 aliam
1275 1979 1364 2017 tulit,
1380 1985 1441 2022 qua
1458 1982 1596 2023 majores
1612 1995 1681 2026 poe-

925 2033 982 2054 nas
994 2022 1139 2060 addidit;
1160 2034 1278 2067 nempe
1295 2033 1331 2056 ut
1347 2026 1558 2058 senatoribus
1575 2030 1682 2059 ambi-

925 2071 976 2103 tus
987 2068 1159 2105 damnatis,
1171 2075 1251 2111 aqua
1266 2077 1298 2100 et
1311 2069 1380 2112 igni
1398 2071 1436 2101 ad
1453 2082 1552 2102 anuos
1569 2073 1682 2105 decem

927 2113 1187 2144 interdiceretur.

971 2158 1026 2188 45.
1047 2158 1124 2189 Tota
1135 2158 1190 2189 illa
1206 2157 1279 2197 lem]
1295 2157 1416 2200 Objicit
1430 2159 1561 2201 quidem
1577 2161 1683 2204 Sulpi-

927 2201 993 2239 cio,
1008 2203 1097 2244 quod
1113 2201 1220 2245 legem
1236 2202 1377 2234 ambit-iis
1386 2204 1496 2243 habet,
1510 2208 1570 2247 qua
1583 2208 1684 2248 possit

927 2257 1088 2284 accusare,
1103 2248 1158 2278 sed
1173 2258 1238 2279 nou
1254 2247 1375 2279 habere
1386 2259 1558 2281 nocentem
1571 2262 1662 2282 reum
1675 2265 1684 2290 ς

928 2302 1001 2324 reus
1026 2300 1135 2323 autem
1158 2293 1289 2329 dicitur,
1305 2293 1361 2335 qui
1386 2293 1529 2326 defendit
1553 2303 1583 2326 et
1608 2307 1682 2338 pro-

928 2337 1035 2379 pulsat
1062 2336 1226 2369 actionem
1240 2350 1246 2368 :
1273 2348 1394 2370 nocens
1427 2342 1513 2377 verb,
1542 2340 1598 2383 qui
1625 2341 1682 2373 ob.

926 2390 1006 2424 Jecti
1020 2391 1165 2413 criminis
1181 2391 1392 2414 convmcitur.

972 2428 1025 2456 43.
1043 2427 1194 2458 Petitiohi
1206 2429 1275 2458 vern>
1287 2431 1443 2469 refragata
1456 2427 1523 2471 σει]
1537 2429 1618 2461 Haec
1631 2429 1681 2462 lex

927 2469 1080 2508 ambitus,
1095 2475 1157 2513 qua
1183 2472 1232 2503 uti
1259 2472 1366 2504 voluit
1389 2471 1549 2514 Sulpicius
1564 2475 1612 2510 *ad
1630 2485 1683 2506 ac-

927 2515 1105 2547 cusandum
1125 2518 1318 2555 Muraenam,
1337 2517 1501 2548 contraria
1525 2526 1572 2549 est
1599 2521 1684 2562 peti-

928 2560 1012 2591 tioni
1029 2559 1224 2592 consulatus.

975 2605 1021 2636 lb.
1040 2605 1138 2636 Poena
1150 2606 1303 2648 gravior]
1331 2605 1451 2643 Exilio‚
1467 2618 1532 2649 quo
1549 2608 1682 2639 damna-

928 2647 984 2681 bat
1006 2649 1207 2688 ambitiosos,
1228 2650 1332 2681 voluit
1351 2650 1512 2693 Sulpicius
1529 2663 1564 2683 ut
1581 2654 1683 2684 multa

926 2695 1114 2737 pecuniaria
1126 2696 1320 2737 adjiceretur
1335 2708 1343 2732 ς
1367 2706 1466 2737 quare
1482 2707 1546 2727 non
1560 2699 1685 2729 rnedio-

928 2740 1026 2771 criter
1043 2739 1158 2770 offensi
1171 2747 1243 2771 sunt
1255 2739 1374 2781 plebeii
1389 2750 1421 2771 ct
1431 2741 1506 2771 viles
1523 2741 1680 2773 homiues.

971 2784 1025 2815 49.
1041 2785 1183 2814 Exilium
1207 2785 1237 2814 in
1255 2790 1387 2814 nostrum
1401 2786 1563 2828 ordinem]
1585 2787 1685 2818 Periit

931 2828 1032 2859 etiam
1049 2836 1085 2860 ut
1102 2828 1172 2871 aliis
1186 2828 1289 2872 poenis
1305 2829 1478 2863 adderetur
1503 2831 1636 2864 exilium
1653 2833 1687 2864 in

933 2874 1114 2905 Senatores.

1548 2917 1694 2962 beuter

1666 123 1748 164 169
