1872 3140
126 170 205 207 518
619 165 687 210 M.
715 165 924 210 TULLII
957 165 1280 211 CICERONIS

127 285 378 336 meumque
415 279 591 329 defendi,
623 294 736 322 nune
774 282 901 337 quam
932 281 1114 323 maxime
1152 280 1329 323 conficio
1366 281 1590 324 orationes:
1640 277 1706 338 liis

196 341 435 399 Augurum,
459 336 721 390 Pontificum,
745 337 877 380 Civile
896 348 1051 382 tracto:
1085 338 1267 380 multum
1287 339 1411 381 etiam
1443 340 1600 382 Graecis
1635 333 1704 381 lit-

195 394 291 435 teris
328 404 442 444 ut0r3
478 395 908 451 Pythagoreorumque
936 410 1067 445 more,
1101 396 1335 437 exercendae
1365 397 1576 438 memoriae
1610 412 1703 454 gra-

196 449 272 501 tia,
312 450 409 506 quid
442 465 607 506 qnoque
650 451 713 492 die
749 452 938 503 dixerim,
975 429 1190 515 audierim,
1222 452 1389 509 egerim,
1428 467 1710 495 commemoro

195 522 262 548 ves
267 522 362 562 peimi
421 507 506 548 Hae
543 516 639 549 sunt
666 509 972 550 exercitationes
1001 508 1170 572 ingenii,
1194 509 1283 572 haec
1317 507 1518 551 curricula
1533 511 1705 552 mentis·

126 569 180 603 45
201 563 244 605 in
278 563 342 604 his
371 562 572 606 desudans
609 575 729 620 atque
758 565 968 607 elaborans
1005 565 1184 620 corporis
1216 564 1316 607 vires
1349 579 1433 607 non
1463 580 1711 625 magnopere

197 620 403 662 desidero:
437 621 579 662 adsum
613 636 784 664 amicis:
828 622 948 664 venio
987 622 1028 664 in
1060 624 1257 664 Senatum
1288 621 1492 686 freqiienS‚
1523 617 1713 679 ultroque

199 677 321 718 astero
338 691 399 718 res
417 677 600 719 multum
620 688 658 719 66
677 677 746 740 diu
767 679 990 742 cogitatas3
1022 693 1168 736 easque
1188 689 1302 720 tueor
1331 694 1476 730 animi,
1502 694 1586 721 non
1615 695 1708 722 cor-

199 733 309 788 poris
329 733 513 776 viribus·
502 751 514 787 3
529 751 642 797 quae
664 734 696 775 si
716 717 863 798 exequi
884 736 1115 801 nequirem,
1137 746 1275 778 tamen
1295 751 1363 778 me
1393 736 1563 777 lectulus
1578 736 1714 778 oblec-

197 800 299 832 taret
324 806 440 833 meus
460 806 507 833 ea
528 791 588 846 ips
584 807 614 832 a
645 792 909 855 cogitantem,
940 808 1033 849 quae
1047 793 1137 855 jain
1158 808 1274 848 agere
1294 808 1380 834 non
1406 808 1598 848 possem:
1642 794 1710 835 sed

127 854 182 887 50
199 857 244 889 06
272 848 443 912 possim,
466 847 563 890 facit
596 859 686 889 acta
715 847 824 891 vita·
813 881 825 901 ,
858 864 1017 905 semper
1035 864 1145 891 enim
1169 865 1213 891 in
1242 850 1306 891 his
1326 850 1469 891 studiis
1489 849 1715 892 laboribus-

199 920 278 969 que
293 904 445 947 viventi
467 920 552 946 non
573 904 826 968 intelligitur,
849 908 1013 963 quando
1033 906 1200 970 obrepat
1219 916 1419 949 senectus.
1479 909 1541 948 Ita
1560 907 1709 949 sensim

197 977 284 1003 stne
305 977 426 1004 sensu
447 971 546 1004 aetas
566 962 766 1004 senescis:
800 978 878 1005 nec
891 963 1024 1006 subito
1042 962 1254 1020 frangitur,
1274 963 1341 1005 sed
1362 963 1624 1006 diuturnitate
1643 979 1714 1006 ex·

198 1019 414 1075 tinguitur.

255 1077 358 1118 XII.
391 1075 586 1133 Sequitur
621 1075 737 1118 tertia
780 1076 1019 1132 vituperatio
1051 1077 1284 1130 senectutis,
1322 1077 1431 1133 quod
1463 1078 1553 1119 eam
1582 1091 1712 1119 carere

195 1132 342 1174 dicunt
371 1133 664 1189 voluptatibus.
723 1134 762 1176 O
786 1134 1026 1189 praeclarum
1064 1149 1216 1176 munus
1254 1134 1401 1187 aetatis,
1430 1134 1632 1191 siquidem
1670 1134 1712 1175 id

195 1190 327 1231 aufert
360 1190 495 1254 nobis,
517 1191 628 1247 quod
663 1199 723 1231 est
755 1190 797 1231 in
828 1190 1100 1233 adolescentia
1131 1190 1469 1233 vitiosissimum!
1521 1191 1713 1247 Accipite

196 1246 326 1311 eni-m,
348 1247 507 1311 optimi
526 1247 800 1289 adolescentes
786 1271 818 1298 5,
854 1257 1026 1289 veterem
1059 1248 1284 1311 orationem
1318 1249 1518 1304 Archytae
1552 1249 1708 1289 Taren-

155 1306 178 1342 5
199 1303 290 1355 tini,
326 1304 467 1361 magni
497 1303 542 1345 in
579 1303 738 1359 primis,
771 1314 810 1345 et
843 1304 1025 1359 praeclari
1056 1304 1157 1346 viri:
1191 1321 1282 1360 quae
1320 1305 1422 1346 mihi
1456 1304 1600 1346 tradita
1635 1320 1670 1346 e
1670 1314 1712 1356 ·t‚

197 1364 297 1403 cum
318 1376 450 1403 essem
468 1360 701 1402 adolescens
732 1360 899 1403 Tarenti
930 1376 1027 1402 cum
1062 1362 1120 1405 Q.
1142 1361 1344 1403 Maximo.
1403 1361 1577 1403 Nullam
1599 1363 1712 1416 capi-

196 1418 384 1460 taliorem
414 1427 585 1474 pestem,
606 1433 734 1483 quam
763 1417 945 1474 corporis
976 1417 1244 1474 voluptatem,
1277 1416 1518 1460 hominibus
1553 1418 1712 1461 dicebat

199 1475 224 1515 a
257 1477 404 1517 natura
446 1475 609 1527 datam3
651 1475 768 1531 cujus
816 1475 1034 1539 voluptatis
1083 1475 1210 1517 avidae
1256 1474 1445 1517 libidines
1493 1478 1643 1516 temere
1675 1486 1715 1517 et

198 1532 390 1574 effrenate
426 1531 475 1574 ad
508 1530 757 1596 potiundum
786 1532 1067 1574 incitarentur.
1126 1533 1243 1574 Hinc
1279 1532 1419 1588 patriae
1447 1531 1712 1587 proditiones,

130 1593 182 1628 10
199 1589 298 1630 hinc
320 1589 556 1652 rerumpub.
580 1588 820 1640 eversiones,
844 1589 942 1631 hinc
964 1605 1061 1630 cum
1087 1590 1275 1631 hostibus
1305 1588 1465 1630 claudes
1469 1588 1554 1630 tina
1582 1589 1712 1630 collo-

199 1645 297 1702 quia
324 1659 464 1689 nasci:
495 1645 659 1688 nullum
690 1645 867 1703 denique
901 1646 1047 1699 scelus,
1069 1646 1231 1688 nullum
1252 1646 1409 1688 malum
1431 1645 1588 1688 facinus
1609 1661 1710 1698 esse,

199 1703 248 1744 ad
288 1704 397 1759 quod
428 1703 737 1759 suscipiendum
770 1719 856 1745 non
886 1703 1014 1746 libido
1048 1703 1265 1759 voluptatis
1295 1702 1543 1758 impelleret·
1577 1712 1713 1766 stupra

198 1762 309 1812 vero,
327 1770 366 1801 et
387 1760 595 1811 adulteria,
616 1769 656 1802 et
675 1775 799 1802 omne
826 1760 903 1802 tale
937 1760 1135 1816 flagitium
1169 1760 1291 1801 nullis
1333 1759 1528 1802 illecebris
1548 1761 1712 1801 excitari

200 1816 305 1868 aliis,
328 1818 408 1860 nisi
426 1817 658 1873 voluptatis.
720 1818 915 1881 Cumque
936 1798 1096 1858 homini
1123 1818 1204 1858 sive
1230 1827 1386 1881 natura,
1410 1817 1491 1858 sive
1508 1816 1599 1873 quis
1615 1817 1712 1858 deus

132 1877 180 1913 15
200 1873 304 1916 nibil
326 1884 463 1916 mente
497 1874 766 1930 praestabilius
801 1874 1002 1926 dedisset3
1036 1875 1131 1915 huic
1166 1874 1304 1916 divino
1334 1873 1493 1916 muneri
1524 1890 1570 1915 ac
1603 1873 1713 1915 dono

199 1931 304 1972 nihil
340 1946 426 1973 6556
446 1941 529 1973 tam
562 1931 797 1982 inimicum,
820 1948 949 1988 quam
969 1931 1238 1987 v.oluptatem
1297 1933 1390 1994 Nec.
1411 1931 1523 1972 enim
1543 1929 1711 1972 libidine

201 1987 442 2029 dominante
475 1987 755 2043 temperantiae
786 1989 925 2030 locum
954 2003 1015 2030 ess
1001 2003 1054 2038 56,
1081 2004 1211 2057 neque
1240 1987 1413 2029 omnino
1435 1989 1474 2029 in
1497 1987 1714 2051 voluptati:

203 2060 326 2102 regno
346 2046 537 2087 virtutem
562 2060 677 2108 posse
715 2046 959 2086 consistere.
994 2046 1103 2115 quod
1124 2048 1217 2108 quo
1257 2045 1386 2101 magis
1417 2045 1585 2086 intellii
1617 2059 1712 2100 pos-

202 2113 279 2155 set,
322 2102 473 2159 fingere
517 2117 658 2143 animo
688 2102 876 2165 jubebat,
914 2105 1025 2143 tanta
1055 2101 1268 2144 incitatum
1301 2102 1479 2165 aliquem
1509 2060 1715 2157 vglluptate

131 2163 184 2197 ΞΟ
203 2174 400 2214 corporis,
439 2169 592 2222 quanta
625 2173 776 2214 percipi
807 2174 898 2214 poss
884 2169 940 2200 566
970 2159 1181 2210 maxiina3
1214 2173 1371 2200 nemini
1409 2159 1598 2200 censebat
1629 2158 1712 2200 fore

200 2216 392 2267 dubium,
435 2231 538 2272 quin
578 2215 751 2267 tamdiu,
789 2215 888 2257 dum
923 2213 979 2257 ita
1007 2216 1209 2271 gauderet,
1241 2215 1344 2256 nihil
1382 2215 1530 2278 agitare
1558 2224 1710 2265 merite,

201 2272 308 2314 nibil
329 2272 500 2324 ratione,
522 2272 624 2313 nihil
644 2272 887 2328 cogitatione
900 2287 1095 2328 consequi
1114 2287 1185 2327 ρο5
1189 2281 1272 2324 set3
1304 2287 1495 2327 quocirca
1510 2271 1613 2313 nihil
1625 2287 1713 2312 esse

203 2340 289 2371 tam
327 2329 575 2381 detestabile,
607 2338 774 2385 tamque
811 2329 1062 2386 pestiferum,
1087 2344 1213 2384 quam
1244 2329 1521 2384 voluptatem:
1555 2329 1587 2369 si
1619 2329 1709 2385 qui-

205 2387 297 2428 dem
320 2402 382 2438 ea,
408 2403 505 2429 cuni
549 2387 680 2442 major
709 2396 812 2427 esset
842 2397 962 2442 atque
991 2386 1165 2441 longior,
1188 2401 1310 2426 omne
1331 2401 1457 2427 animi
1479 2387 1620 2427 lumen
1640 2401 1712 2427 ex-

133 2449 184 2483 25
204 2444 419 2500 tingueret.
498 2444 605 2485 Haec
635 2458 733 2484 cum
772 2443 825 2485 C.
861 2443 1006 2484 Pontio
1045 2442 1244 2493 Snuuite,
1283 2452 1390 2498 patre
1420 2443 1521 2499 cjuS,
1553 2459 1579 2484 a
1613 2458 1711 2505 qun,

204 2500 396 2543 Caudino
426 2500 567 2556 proelio
598 2501 671 2554 Sp.
698 2501 772 2541 Pos
776 2500 976 2551 6000ιί05,
998 2501 1047 2542 Τ.
1072 2500 1278 2549 Veturiiis,
1302 2499 1503 2541 Consules
1507 2511 1713 2555 ,superati

204 2567 317 2620 sunt,
338 2557 521 2599 locutum
555 2557 801 2612 Archytam,
838 2557 1055 2599 Nearchus
1083 2531 1329 2597 Tarentiiius
1335 2587 1345 2607 ,
1375 2557 1520 2619 hospes
1560 2566 1712 2608 noster,

204 2614 277 2670 qui
298 2613 342 2655 in
371 2614 555 2656 amicitia
593 2613 734 2684 populi
765 2614 890 2656 Rom.
922 2623 1211 2675 permanserat,
1237 2628 1278 2654 56
1312 2615 1339 2654 a,
1371 2612 1595 2670 majoribus
1616 2622 1714 2655 natu

203 2670 405 2726 accepisse
420 2671 595 2722 dicebat,
617 2685 716 2713 cum
735 2669 898 2726 quidem
921 2686 955 2711 ei
985 2684 1159 2712 sermoni
1179 2668 1424 2711 interfuisset
1444 2669 1556 2712 Plato
1576 2670 1710 2712 Athe-

132 2737 188 2772 30
204 2742 320 2770 niens
324 2727 384 2770 is:
428 2743 551 2783 quem
581 2703 812 2769 Tarentum
846 2727 976 2769 venis*
962 2742 1015 2778 56,
1056 2728 1103 2768 L.
1138 2726 1333 2777 Camillo,
1362 2726 1502 2789 Appio
1535 2725 1712 2769 Claudio

205 2784 477 2835 Consulibus,
499 2783 674 2848 reperio.
732 2786 943 2827 Quorsum
968 2784 1086 2825 haec.
1077 2786 1092 2814 ³
1125 2794 1170 2825 ut
1190 2782 1436 2840 intelligatis,
1459 2784 1493 2825 si
1524 2783 1710 2838 volupta-

203 2850 288 2885 tem
307 2856 511 2900 aspernari
531 2841 685 2884 ratione
703 2849 744 2883 et
763 2840 961 2899 sapientia
979 2855 1063 2884 non
1091 2854 1318 2898 possemiiS,
1341 2854 1535 2899 magnam
1556 2838 1712 2937 115ὶὲ60-

1643 2910 1712 2939 am
