<?xml version="1.0" encoding="UTF-8"?>
<!DOCTYPE html PUBLIC "-//W3C//DTD XHTML 1.0 Transitional//EN"
    "http://www.w3.org/TR/xhtml1/DTD/xhtml1-transitional.dtd">
<html xmlns="http://www.w3.org/1999/xhtml" xml:lang="en" lang="en">
 <head>
  <title>
</title>
<meta http-equiv="Content-Type" content="text/html;charset=utf-8" />
  <meta name='ocr-system' content='tesseract 3.04.00' />
  <meta name='ocr-capabilities' content='ocr_page ocr_carea ocr_par ocr_line ocrx_word'/>
</head>
<body>
  <div class='ocr_page' id='page_1' title='image "./orationesquaedam00ciceuoft/orationesquaedam00ciceuoft_0509.png"; bbox 0 0 1872 3140; ppageno 0'>
   <div class='ocr_carea' id='block_1_1' title="bbox 410 123 1705 174">
    <p class='ocr_par' dir='ltr' id='par_1_1' title="bbox 410 123 1705 174">
     <span class='ocr_line' id='line_1_1' title="bbox 410 123 1705 174; baseline -0.005 -2"><span class='ocrx_word' id='word_1_1' title='bbox 410 127 481 172; x_wconf 90' lang='lat' dir='ltr'>IN</span> <span class='ocrx_word' id='word_1_2' title='bbox 509 125 580 172; x_wconf 92' lang='grc' dir='ltr'><strong>Μ</strong></span> <span class='ocrx_word' id='word_1_3' title='bbox 610 125 957 172; x_wconf 88' lang='lat' dir='ltr'><strong>ANTONIUM</strong></span> <span class='ocrx_word' id='word_1_4' title='bbox 988 123 1337 170; x_wconf 78' lang='lat' dir='ltr'>PHILIPPICA</span> <span class='ocrx_word' id='word_1_5' title='bbox 1366 123 1450 169; x_wconf 88' lang='lat' dir='ltr'>IX.</span> <span class='ocrx_word' id='word_1_6' title='bbox 1622 128 1705 174; x_wconf 79' lang='lat'>467</span> 
     </span>
    </p>
   </div>
   <div class='ocr_carea' id='block_1_2' title="bbox 87 239 1745 2614">
    <p class='ocr_par' dir='ltr' id='par_1_2' title="bbox 93 239 1745 2614">
     <span class='ocr_line' id='line_1_2' title="bbox 94 239 1639 303; baseline -0.005 -14"><span class='ocrx_word' id='word_1_7' title='bbox 94 259 173 288; x_wconf 87' lang='lat' dir='ltr'>nec</span> <span class='ocrx_word' id='word_1_8' title='bbox 199 242 447 289; x_wconf 84' lang='lat' dir='ltr'>&#39;Veientium</span> <span class='ocrx_word' id='word_1_9' title='bbox 481 259 556 287; x_wconf 85' lang='lat' dir='ltr'>rex</span> <span class='ocrx_word' id='word_1_10' title='bbox 588 259 672 303; x_wconf 87' lang='lat' dir='ltr'>eos,</span> <span class='ocrx_word' id='word_1_11' title='bbox 705 259 810 301; x_wconf 90' lang='lat' dir='ltr'>quos</span> <span class='ocrx_word' id='word_1_12' title='bbox 831 244 959 286; x_wconf 79' lang='lat' dir='ltr'>modo</span> <span class='ocrx_word' id='word_1_13' title='bbox 976 241 1206 295; x_wconf 88' lang='lat' dir='ltr'>nominavi,</span> <span class='ocrx_word' id='word_1_14' title='bbox 1230 242 1357 299; x_wconf 86' lang='lat' dir='ltr'>quam</span> <span class='ocrx_word' id='word_1_15' title='bbox 1381 241 1465 282; x_wconf 89' lang='lat' dir='ltr'>Ser.</span> <span class='ocrx_word' id='word_1_16' title='bbox 1491 239 1639 303; x_wconf 86' lang='lat' dir='ltr'>Sulpi-</span> 
     </span>
     <span class='ocr_line' id='line_1_3' title="bbox 96 297 1637 364; baseline -0.005 -18"><span class='ocrx_word' id='word_1_17' title='bbox 96 303 211 346; x_wconf 84' lang='lat' dir='ltr'>cium</span> <span class='ocrx_word' id='word_1_18' title='bbox 248 301 402 345; x_wconf 86' lang='lat' dir='ltr'>occidit</span> <span class='ocrx_word' id='word_1_19' title='bbox 432 300 663 345; x_wconf 88' lang='lat' dir='ltr'>Antonius.</span> <span class='ocrx_word' id='word_1_20' title='bbox 737 304 778 344; x_wconf 87' lang='lat' dir='ltr'>Is</span> <span class='ocrx_word' id='word_1_21' title='bbox 809 303 922 344; x_wconf 87' lang='lat' dir='ltr'>enim</span> <span class='ocrx_word' id='word_1_22' title='bbox 954 300 1139 364; x_wconf 79' lang='lat' dir='ltr'>profecto</span> <span class='ocrx_word' id='word_1_23' title='bbox 1169 310 1347 342; x_wconf 86' lang='lat' dir='ltr'>mortem</span> <span class='ocrx_word' id='word_1_24' title='bbox 1383 297 1534 349; x_wconf 87' lang='lat' dir='ltr'>attulit,</span> <span class='ocrx_word' id='word_1_25' title='bbox 1566 313 1637 354; x_wconf 84' lang='lat' dir='ltr'>qui</span> 
     </span>
     <span class='ocr_line' id='line_1_4' title="bbox 95 355 1708 416; baseline -0.004 -14"><span class='ocrx_word' id='word_1_26' title='bbox 95 375 219 402; x_wconf 86' lang='lat' dir='ltr'>causa</span> <span class='ocrx_word' id='word_1_27' title='bbox 234 359 379 402; x_wconf 89' lang='lat' dir='ltr'>mortis</span> <span class='ocrx_word' id='word_1_28' title='bbox 401 359 494 402; x_wconf 89' lang='lat' dir='ltr'>fuit.</span> <span class='ocrx_word' id='word_1_29' title='bbox 555 358 769 404; x_wconf 76' lang='lat' dir='ltr'>Quocirca</span> <span class='ocrx_word' id='word_1_30' title='bbox 789 360 837 401; x_wconf 84' lang='lat' dir='ltr'>ad</span> <span class='ocrx_word' id='word_1_31' title='bbox 866 357 1110 416; x_wconf 65' lang='lat' dir='ltr'>posteritatis</span> <span class='ocrx_word' id='word_1_32' title='bbox 1131 356 1252 400; x_wconf 84' lang='lat' dir='ltr'>etiarn</span> <span class='ocrx_word' id='word_1_33' title='bbox 1276 355 1523 399; x_wconf 83' lang='lat' dir='ltr'>memoriam</span> <span class='ocrx_word' id='word_1_34' title='bbox 1547 371 1637 410; x_wconf 83' lang='lat' dir='ltr'>per·</span> <span class='ocrx_word' id='word_1_35' title='bbox 1652 359 1708 396; x_wconf 85' lang='lat'>45</span> 
     </span>
     <span class='ocr_line' id='line_1_5' title="bbox 95 414 1638 482; baseline -0.003 -24"><span class='ocrx_word' id='word_1_36' title='bbox 95 417 224 463; x_wconf 86' lang='lat' dir='ltr'>tinere</span> <span class='ocrx_word' id='word_1_37' title='bbox 243 417 431 482; x_wconf 80' lang='lat' dir='ltr'>arbitror,</span> <span class='ocrx_word' id='word_1_38' title='bbox 455 426 606 470; x_wconf 84' lang='lat' dir='ltr'>extare,</span> <span class='ocrx_word' id='word_1_39' title='bbox 625 418 737 481; x_wconf 89' lang='lat' dir='ltr'>quod</span> <span class='ocrx_word' id='word_1_40' title='bbox 759 417 881 459; x_wconf 87' lang='lat' dir='ltr'>fuerit</span> <span class='ocrx_word' id='word_1_41' title='bbox 903 418 951 459; x_wconf 92' lang='lat' dir='ltr'>de</span> <span class='ocrx_word' id='word_1_42' title='bbox 975 418 1054 458; x_wconf 89' lang='lat' dir='ltr'>hoc</span> <span class='ocrx_word' id='word_1_43' title='bbox 1077 415 1184 456; x_wconf 90' lang='lat' dir='ltr'>bello</span> <span class='ocrx_word' id='word_1_44' title='bbox 1198 414 1408 479; x_wconf 79' lang='lat' dir='ltr'>judicium</span> <span class='ocrx_word' id='word_1_45' title='bbox 1429 415 1606 456; x_wconf 85' lang='lat' dir='ltr'>Senatu</span> <span class='ocrx_word' id='word_1_46' title='bbox 1625 430 1638 466; x_wconf 86' lang='lat'><em>3</em></span> 
     </span>
     <span class='ocr_line' id='line_1_6' title="bbox 93 470 1638 536; baseline -0.003 -20"><span class='ocrx_word' id='word_1_47' title='bbox 93 474 169 516; x_wconf 84' lang='lat' dir='ltr'>erit</span> <span class='ocrx_word' id='word_1_48' title='bbox 188 475 302 518; x_wconf 88' lang='lat' dir='ltr'>enim</span> <span class='ocrx_word' id='word_1_49' title='bbox 322 486 455 518; x_wconf 83' lang='lat' dir='ltr'>statua</span> <span class='ocrx_word' id='word_1_50' title='bbox 475 476 564 532; x_wconf 80' lang='lat' dir='ltr'>ipsa</span> <span class='ocrx_word' id='word_1_51' title='bbox 584 475 712 527; x_wconf 79' lang='lat' dir='ltr'>testis,</span> <span class='ocrx_word' id='word_1_52' title='bbox 736 475 890 517; x_wconf 89' lang='lat' dir='ltr'>bellum</span> <span class='ocrx_word' id='word_1_53' title='bbox 923 484 1006 516; x_wconf 90' lang='lat' dir='ltr'>tam</span> <span class='ocrx_word' id='word_1_54' title='bbox 1039 486 1159 530; x_wconf 83' lang='lat' dir='ltr'>grave</span> <span class='ocrx_word' id='word_1_55' title='bbox 1193 473 1334 524; x_wconf 63' lang='lat' dir='ltr'>fuisse,</span> <span class='ocrx_word' id='word_1_56' title='bbox 1364 482 1410 513; x_wconf 89' lang='lat' dir='ltr'>ut</span> <span class='ocrx_word' id='word_1_57' title='bbox 1428 470 1579 536; x_wconf 77' lang='lat' dir='ltr'>legati</span> <span class='ocrx_word' id='word_1_58' title='bbox 1571 486 1638 512; x_wconf 83' lang='lat' dir='ltr'>in-</span> 
     </span>
     <span class='ocr_line' id='line_1_7' title="bbox 95 530 1640 598; baseline -0.002 -25"><span class='ocrx_word' id='word_1_59' title='bbox 95 531 238 575; x_wconf 85' lang='lat' dir='ltr'>teritus</span> <span class='ocrx_word' id='word_1_60' title='bbox 260 534 429 598; x_wconf 80' lang='lat' dir='ltr'>honoris</span> <span class='ocrx_word' id='word_1_61' title='bbox 448 534 693 576; x_wconf 86' lang='lat' dir='ltr'>memoriam</span> <span class='ocrx_word' id='word_1_62' title='bbox 708 542 963 574; x_wconf 82' lang='lat' dir='ltr'>&#39;consecutus</span> <span class='ocrx_word' id='word_1_63' title='bbox 986 530 1051 573; x_wconf 81' lang='lat' dir='ltr'>sit.</span> <span class='ocrx_word' id='word_1_64' title='bbox 1115 531 1243 574; x_wconf 74' lang='lat' dir='ltr'>Quod</span> <span class='ocrx_word' id='word_1_65' title='bbox 1265 531 1298 572; x_wconf 79' lang='grc'>5“1</span> <span class='ocrx_word' id='word_1_66' title='bbox 1329 530 1640 572; x_wconf 82' lang='lat' dir='ltr'>excusationem</span> 
     </span>
     <span class='ocr_line' id='line_1_8' title="bbox 95 586 1643 649; baseline -0.002 -18"><span class='ocrx_word' id='word_1_67' title='bbox 95 591 184 632; x_wconf 90' lang='lat' dir='ltr'>Ser.</span> <span class='ocrx_word' id='word_1_68' title='bbox 207 590 400 646; x_wconf 90' lang='lat' dir='ltr'>Sulpicii,</span> <span class='ocrx_word' id='word_1_69' title='bbox 425 593 470 633; x_wconf 89' lang='lat' dir='ltr'>P.</span> <span class='ocrx_word' id='word_1_70' title='bbox 494 592 544 634; x_wconf 92' lang='lat' dir='ltr'>C</span> <span class='ocrx_word' id='word_1_71' title='bbox 566 591 781 649; x_wconf 80' lang='lat' dir='ltr'>legationis</span> <span class='ocrx_word' id='word_1_72' title='bbox 812 589 1018 632; x_wconf 86' lang='lat' dir='ltr'>obeundae</span> <span class='ocrx_word' id='word_1_73' title='bbox 1046 589 1244 630; x_wconf 88' lang='lat' dir='ltr'>recordari</span> <span class='ocrx_word' id='word_1_74' title='bbox 1281 588 1504 639; x_wconf 87' lang='lat' dir='ltr'>volueritis,</span> <span class='ocrx_word' id='word_1_75' title='bbox 1526 586 1643 629; x_wconf 89' lang='lat' dir='ltr'>nulla</span> 
     </span>
     <span class='ocr_line' id='line_1_9' title="bbox 94 623 1707 706; baseline -0.002 -17"><span class='ocrx_word' id='word_1_76' title='bbox 94 647 299 691; x_wconf 86' lang='lat' dir='ltr'>dubitatio</span> <span class='ocrx_word' id='word_1_77' title='bbox 330 623 629 706; x_wconf 43' lang='lat' dir='ltr'>relinquetur?</span> <span class='ocrx_word' id='word_1_78' title='bbox 635 649 738 705; x_wconf 87' lang='lat' dir='ltr'>quin</span> <span class='ocrx_word' id='word_1_79' title='bbox 769 649 926 689; x_wconf 90' lang='lat' dir='ltr'>honore</span> <span class='ocrx_word' id='word_1_80' title='bbox 955 645 1125 697; x_wconf 81' lang='lat' dir='ltr'>mortui,</span> <span class='ocrx_word' id='word_1_81' title='bbox 1158 661 1285 703; x_wconf 87' lang='lat' dir='ltr'>quam</span> <span class='ocrx_word' id='word_1_82' title='bbox 1322 646 1412 687; x_wconf 88' lang='lat' dir='ltr'>vivo</span> <span class='ocrx_word' id='word_1_83' title='bbox 1445 645 1707 702; x_wconf 85' lang='lat' dir='ltr'>injuriam50</span> 
     </span>
     <span class='ocr_line' id='line_1_10' title="bbox 93 703 1639 760; baseline -0.001 -14"><span class='ocrx_word' id='word_1_84' title='bbox 93 703 287 758; x_wconf 83' lang='lat' dir='ltr'>fecimus,</span> <span class='ocrx_word' id='word_1_85' title='bbox 311 722 546 749; x_wconf 80' lang='lat' dir='ltr'>sarciamus.</span> <span class='ocrx_word' id='word_1_86' title='bbox 606 708 695 749; x_wconf 82' lang='lat' dir='ltr'>Vos</span> <span class='ocrx_word' id='word_1_87' title='bbox 726 704 841 748; x_wconf 88' lang='lat' dir='ltr'>enim</span> <span class='ocrx_word' id='word_1_88' title='bbox 864 707 907 747; x_wconf 90' lang='lat' dir='ltr'>P.</span> <span class='ocrx_word' id='word_1_89' title='bbox 932 705 985 746; x_wconf 89' lang='lat' dir='ltr'>C.</span> <span class='ocrx_word' id='word_1_90' title='bbox 1013 707 1153 760; x_wconf 80' lang='lat' dir='ltr'>(grave</span> <span class='ocrx_word' id='word_1_91' title='bbox 1171 704 1284 745; x_wconf 88' lang='lat' dir='ltr'>dictu</span> <span class='ocrx_word' id='word_1_92' title='bbox 1306 713 1382 755; x_wconf 74' lang='lat' dir='ltr'>est,</span> <span class='ocrx_word' id='word_1_93' title='bbox 1406 704 1473 745; x_wconf 88' lang='lat' dir='ltr'>sed</span> <span class='ocrx_word' id='word_1_94' title='bbox 1495 703 1639 745; x_wconf 89' lang='lat' dir='ltr'>dicen-</span> 
     </span>
     <span class='ocr_line' id='line_1_11' title="bbox 95 760 1643 829; baseline -0.001 -25"><span class='ocrx_word' id='word_1_95' title='bbox 95 763 197 805; x_wconf 87' lang='lat' dir='ltr'>dum</span> <span class='ocrx_word' id='word_1_96' title='bbox 231 766 389 819; x_wconf 82' lang='lat' dir='ltr'>tamen)</span> <span class='ocrx_word' id='word_1_97' title='bbox 424 780 512 817; x_wconf 87' lang='lat' dir='ltr'>vos,</span> <span class='ocrx_word' id='word_1_98' title='bbox 535 764 725 829; x_wconf 89' lang='lat' dir='ltr'>inquam,</span> <span class='ocrx_word' id='word_1_99' title='bbox 759 764 845 806; x_wconf 89' lang='lat' dir='ltr'>Ser.</span> <span class='ocrx_word' id='word_1_100' title='bbox 870 762 1105 818; x_wconf 84' lang='lat' dir='ltr'>Sulpicium</span> <span class='ocrx_word' id='word_1_101' title='bbox 1125 761 1212 804; x_wconf 77' lang='lat' dir='ltr'>vita</span> <span class='ocrx_word' id='word_1_102' title='bbox 1232 760 1449 818; x_wconf 78' lang='lat' dir='ltr'>privastis.</span> <span class='ocrx_word' id='word_1_103' title='bbox 1497 762 1643 804; x_wconf 77' lang='lat' dir='ltr'>Quem</span> 
     </span>
     <span class='ocr_line' id='line_1_12' title="bbox 97 819 1644 884; baseline -0.001 -22"><span class='ocrx_word' id='word_1_104' title='bbox 97 823 199 863; x_wconf 73' lang='lat' dir='ltr'>cum</span> <span class='ocrx_word' id='word_1_105' title='bbox 221 822 405 864; x_wconf 87' lang='lat' dir='ltr'>videretis</span> <span class='ocrx_word' id='word_1_106' title='bbox 425 838 464 864; x_wconf 90' lang='lat' dir='ltr'>re</span> <span class='ocrx_word' id='word_1_107' title='bbox 484 838 618 879; x_wconf 80' lang='lat' dir='ltr'>magis</span> <span class='ocrx_word' id='word_1_108' title='bbox 637 822 850 873; x_wconf 85' lang='lat' dir='ltr'>morbum,</span> <span class='ocrx_word' id='word_1_109' title='bbox 874 836 1002 884; x_wconf 83' lang='lat' dir='ltr'>quam</span> <span class='ocrx_word' id='word_1_110' title='bbox 1031 819 1215 861; x_wconf 86' lang='lat' dir='ltr'>oratione</span> <span class='ocrx_word' id='word_1_111' title='bbox 1249 828 1532 870; x_wconf 80' lang='lat' dir='ltr'>excusantem,</span> <span class='ocrx_word' id='word_1_112' title='bbox 1556 833 1644 861; x_wconf 88' lang='lat' dir='ltr'>non</span> 
     </span>
     <span class='ocr_line' id='line_1_13' title="bbox 96 876 1644 944; baseline -0.002 -24"><span class='ocrx_word' id='word_1_113' title='bbox 96 893 172 920; x_wconf 89' lang='lat' dir='ltr'>vos</span> <span class='ocrx_word' id='word_1_114' title='bbox 191 881 358 936; x_wconf 87' lang='lat' dir='ltr'>quidem</span> <span class='ocrx_word' id='word_1_115' title='bbox 381 880 563 921; x_wconf 82' lang='lat' dir='ltr'>crudeles</span> <span class='ocrx_word' id='word_1_116' title='bbox 593 879 727 921; x_wconf 84' lang='lat' dir='ltr'>fuistis</span> <span class='ocrx_word' id='word_1_117' title='bbox 761 879 879 944; x_wconf 88' lang='lat' dir='ltr'>(quid</span> <span class='ocrx_word' id='word_1_118' title='bbox 910 893 1020 920; x_wconf 85' lang='lat' dir='ltr'>enim</span> <span class='ocrx_word' id='word_1_119' title='bbox 1057 878 1200 919; x_wconf 77' lang='lat' dir='ltr'>minus</span> <span class='ocrx_word' id='word_1_120' title='bbox 1233 878 1275 919; x_wconf 90' lang='lat' dir='ltr'>in</span> <span class='ocrx_word' id='word_1_121' title='bbox 1310 879 1423 918; x_wconf 87' lang='lat' dir='ltr'>hunc</span> <span class='ocrx_word' id='word_1_122' title='bbox 1454 876 1644 941; x_wconf 85' lang='lat' dir='ltr'>ordinem</span> 
     </span>
     <span class='ocr_line' id='line_1_14' title="bbox 101 935 1714 993; baseline -0.002 -14"><span class='ocrx_word' id='word_1_123' title='bbox 101 951 205 979; x_wconf 88' lang='lat' dir='ltr'>conv</span> <span class='ocrx_word' id='word_1_124' title='bbox 210 937 295 980; x_wconf 89' lang='lat' dir='ltr'>enit</span> <span class='ocrx_word' id='word_1_125' title='bbox 314 938 350 991; x_wconf 91' lang='lat'>?)</span> <span class='ocrx_word' id='word_1_126' title='bbox 387 938 453 978; x_wconf 86' lang='lat' dir='ltr'>sed</span> <span class='ocrx_word' id='word_1_127' title='bbox 485 953 584 979; x_wconf 89' lang='lat' dir='ltr'>cum</span> <span class='ocrx_word' id='word_1_128' title='bbox 616 939 826 993; x_wconf 76' lang='lat' dir='ltr'>speraretis</span> <span class='ocrx_word' id='word_1_129' title='bbox 846 936 950 979; x_wconf 88' lang='lat' dir='ltr'>nihil</span> <span class='ocrx_word' id='word_1_130' title='bbox 973 950 1074 988; x_wconf 86' lang='lat' dir='ltr'>esse,</span> <span class='ocrx_word' id='word_1_131' title='bbox 1099 937 1209 992; x_wconf 86' lang='lat' dir='ltr'>quod</span> <span class='ocrx_word' id='word_1_132' title='bbox 1227 951 1314 977; x_wconf 87' lang='lat' dir='ltr'>non</span> <span class='ocrx_word' id='word_1_133' title='bbox 1332 935 1440 977; x_wconf 87' lang='lat' dir='ltr'>illius</span> <span class='ocrx_word' id='word_1_134' title='bbox 1461 944 1603 976; x_wconf 79' lang='lat' dir='ltr'>auctor</span> <span class='ocrx_word' id='word_1_135' title='bbox 1608 951 1642 975; x_wconf 88' lang='grc'>1-</span> <span class='ocrx_word' id='word_1_136' title='bbox 1660 937 1714 971; x_wconf 83' lang='lat'>55</span> 
     </span>
     <span class='ocr_line' id='line_1_15' title="bbox 99 991 1643 1052; baseline -0.002 -16"><span class='ocrx_word' id='word_1_137' title='bbox 99 1003 183 1037; x_wconf 85' lang='lat' dir='ltr'>tate</span> <span class='ocrx_word' id='word_1_138' title='bbox 201 1004 241 1036; x_wconf 89' lang='lat' dir='ltr'>et</span> <span class='ocrx_word' id='word_1_139' title='bbox 256 995 429 1052; x_wconf 85' lang='lat' dir='ltr'>sapienti</span> <span class='ocrx_word' id='word_1_140' title='bbox 435 1012 459 1037; x_wconf 66' lang='grc'>1</span> <span class='ocrx_word' id='word_1_141' title='bbox 478 995 586 1037; x_wconf 80' lang='lat' dir='ltr'>effici</span> <span class='ocrx_word' id='word_1_142' title='bbox 615 1005 765 1052; x_wconf 88' lang='lat' dir='ltr'>posset,</span> <span class='ocrx_word' id='word_1_143' title='bbox 787 994 1073 1037; x_wconf 73' lang='lat' dir='ltr'>vehementius</span> <span class='ocrx_word' id='word_1_144' title='bbox 1108 993 1364 1035; x_wconf 82' lang='lat' dir='ltr'>excusationi</span> <span class='ocrx_word' id='word_1_145' title='bbox 1394 991 1642 1035; x_wconf 85' lang='lat' dir='ltr'>obstitistis·</span> <span class='ocrx_word' id='word_1_146' title='bbox 1629 1023 1643 1045; x_wconf 95' lang='lat'>,</span> 
     </span>
     <span class='ocr_line' id='line_1_16' title="bbox 101 1049 1648 1116; baseline -0.001 -23"><span class='ocrx_word' id='word_1_147' title='bbox 101 1061 225 1116; x_wconf 89' lang='lat' dir='ltr'>atque</span> <span class='ocrx_word' id='word_1_148' title='bbox 259 1068 372 1104; x_wconf 89' lang='lat' dir='ltr'>eum,</span> <span class='ocrx_word' id='word_1_149' title='bbox 396 1052 467 1110; x_wconf 89' lang='lat' dir='ltr'>qui</span> <span class='ocrx_word' id='word_1_150' title='bbox 498 1069 660 1110; x_wconf 81' lang='lat' dir='ltr'>semper</span> <span class='ocrx_word' id='word_1_151' title='bbox 688 1063 870 1094; x_wconf 86' lang='lat' dir='ltr'>vestrum</span> <span class='ocrx_word' id='word_1_152' title='bbox 907 1066 1156 1094; x_wconf 85' lang='lat' dir='ltr'>consensum</span> <span class='ocrx_word' id='word_1_153' title='bbox 1177 1050 1307 1108; x_wconf 83' lang='lat' dir='ltr'>gravi</span> <span class='ocrx_word' id='word_1_154' title='bbox 1307 1051 1467 1092; x_wconf 86' lang='lat' dir='ltr'>simum</span> <span class='ocrx_word' id='word_1_155' title='bbox 1485 1049 1648 1114; x_wconf 88' lang='lat' dir='ltr'>judica-</span> 
     </span>
     <span class='ocr_line' id='line_1_17' title="bbox 100 1106 1648 1165; baseline -0.002 -14"><span class='ocrx_word' id='word_1_156' title='bbox 100 1109 240 1163; x_wconf 85' lang='lat' dir='ltr'>visset,</span> <span class='ocrx_word' id='word_1_157' title='bbox 258 1111 274 1135; x_wconf 78' lang='lat'>¹³</span> <span class='ocrx_word' id='word_1_158' title='bbox 293 1113 341 1153; x_wconf 92' lang='lat' dir='ltr'>de</span> <span class='ocrx_word' id='word_1_159' title='bbox 363 1112 567 1153; x_wconf 88' lang='lat' dir='ltr'>sententia</span> <span class='ocrx_word' id='word_1_160' title='bbox 585 1111 800 1165; x_wconf 75' lang='lat' dir='ltr'>deiecistis</span> <span class='ocrx_word' id='word_1_161' title='bbox 861 1111 923 1152; x_wconf 88' lang='lat' dir='ltr'>Ut</span> <span class='ocrx_word' id='word_1_162' title='bbox 954 1125 1047 1152; x_wconf 84' lang='lat' dir='ltr'>vero</span> <span class='ocrx_word' id='word_1_163' title='bbox 1077 1110 1222 1151; x_wconf 81' lang='lat' dir='ltr'>Pansae</span> <span class='ocrx_word' id='word_1_164' title='bbox 1244 1109 1359 1152; x_wconf 92' lang='lat' dir='ltr'>Con</span> <span class='ocrx_word' id='word_1_165' title='bbox 1366 1108 1444 1150; x_wconf 87' lang='lat' dir='ltr'>ulis</span> <span class='ocrx_word' id='word_1_166' title='bbox 1476 1106 1648 1151; x_wconf 84' lang='lat' dir='ltr'>accessit</span> 
     </span>
     <span class='ocr_line' id='line_1_18' title="bbox 102 1165 1647 1231; baseline -0.002 -22"><span class='ocrx_word' id='word_1_167' title='bbox 102 1166 334 1210; x_wconf 82' lang='lat' dir='ltr'>cohortatio</span> <span class='ocrx_word' id='word_1_168' title='bbox 360 1169 534 1231; x_wconf 82' lang='lat' dir='ltr'>gravior,</span> <span class='ocrx_word' id='word_1_169' title='bbox 571 1184 700 1230; x_wconf 86' lang='lat' dir='ltr'>quam</span> <span class='ocrx_word' id='word_1_170' title='bbox 720 1183 835 1210; x_wconf 86' lang='lat' dir='ltr'>aures</span> <span class='ocrx_word' id='word_1_171' title='bbox 857 1169 942 1210; x_wconf 88' lang='lat' dir='ltr'>Ser.</span> <span class='ocrx_word' id='word_1_172' title='bbox 966 1166 1140 1222; x_wconf 81' lang='lat' dir='ltr'>Sulpicii</span> <span class='ocrx_word' id='word_1_173' title='bbox 1162 1165 1264 1209; x_wconf 88' lang='lat' dir='ltr'>ferre</span> <span class='ocrx_word' id='word_1_174' title='bbox 1283 1167 1537 1217; x_wconf 70' lang='lat' dir='ltr'>didicissent,</span> <span class='ocrx_word' id='word_1_175' title='bbox 1555 1174 1647 1207; x_wconf 88' lang='lat' dir='ltr'>tum</span> 
     </span>
     <span class='ocr_line' id='line_1_19' title="bbox 100 1223 1721 1284; baseline -0.002 -16"><span class='ocrx_word' id='word_1_176' title='bbox 100 1227 197 1268; x_wconf 76' lang='lat' dir='ltr'>vero</span> <span class='ocrx_word' id='word_1_177' title='bbox 215 1226 393 1284; x_wconf 86' lang='lat' dir='ltr'>denique</span> <span class='ocrx_word' id='word_1_178' title='bbox 414 1226 566 1277; x_wconf 82' lang='lat' dir='ltr'>filium,</span> <span class='ocrx_word' id='word_1_179' title='bbox 588 1242 738 1284; x_wconf 88' lang='lat' dir='ltr'>meque</span> <span class='ocrx_word' id='word_1_180' title='bbox 759 1225 965 1277; x_wconf 84' lang='lat' dir='ltr'>seduxit,</span> <span class='ocrx_word' id='word_1_181' title='bbox 985 1236 1108 1282; x_wconf 86' lang='lat' dir='ltr'>atque</span> <span class='ocrx_word' id='word_1_182' title='bbox 1129 1225 1186 1267; x_wconf 87' lang='lat' dir='ltr'>ita</span> <span class='ocrx_word' id='word_1_183' title='bbox 1205 1224 1368 1267; x_wconf 85' lang='lat' dir='ltr'>locutus</span> <span class='ocrx_word' id='word_1_184' title='bbox 1385 1233 1461 1276; x_wconf 86' lang='lat' dir='ltr'>est,</span> <span class='ocrx_word' id='word_1_185' title='bbox 1483 1234 1530 1266; x_wconf 90' lang='lat' dir='ltr'>ut</span> <span class='ocrx_word' id='word_1_186' title='bbox 1547 1238 1645 1266; x_wconf 86' lang='lat' dir='ltr'>auc-</span> <span class='ocrx_word' id='word_1_187' title='bbox 1665 1223 1721 1262; x_wconf 84' lang='lat'>60</span> 
     </span>
     <span class='ocr_line' id='line_1_20' title="bbox 87 1281 1648 1340; baseline -0.003 -13.964"><span class='ocrx_word' id='word_1_188' title='bbox 87 1284 311 1326; x_wconf 84' lang='lat' dir='ltr'>toritatem</span> <span class='ocrx_word' id='word_1_189' title='bbox 341 1293 517 1326; x_wconf 84' lang='lat' dir='ltr'>vestram</span> <span class='ocrx_word' id='word_1_190' title='bbox 537 1284 635 1326; x_wconf 84' lang='lat' dir='ltr'>vitae</span> <span class='ocrx_word' id='word_1_191' title='bbox 656 1301 742 1326; x_wconf 80' lang='lat' dir='ltr'>suae</span> <span class='ocrx_word' id='word_1_192' title='bbox 763 1299 806 1325; x_wconf 91' lang='lat' dir='ltr'>se</span> <span class='ocrx_word' id='word_1_193' title='bbox 825 1284 976 1325; x_wconf 88' lang='lat' dir='ltr'>diceret</span> <span class='ocrx_word' id='word_1_194' title='bbox 996 1281 1219 1325; x_wconf 85' lang='lat' dir='ltr'>anteferre:</span> <span class='ocrx_word' id='word_1_195' title='bbox 1254 1283 1372 1340; x_wconf 86' lang='lat' dir='ltr'>cujus</span> <span class='ocrx_word' id='word_1_196' title='bbox 1406 1297 1482 1324; x_wconf 90' lang='lat' dir='ltr'>nos</span> <span class='ocrx_word' id='word_1_197' title='bbox 1517 1281 1648 1323; x_wconf 89' lang='lat' dir='ltr'>virtu-</span> 
     </span>
     <span class='ocr_line' id='line_1_21' title="bbox 106 1338 1651 1407; baseline -0.002 -24"><span class='ocrx_word' id='word_1_198' title='bbox 106 1350 188 1384; x_wconf 86' lang='lat' dir='ltr'>tem</span> <span class='ocrx_word' id='word_1_199' title='bbox 209 1342 414 1407; x_wconf 83' lang='lat' dir='ltr'>admirati,</span> <span class='ocrx_word' id='word_1_200' title='bbox 438 1358 522 1384; x_wconf 89' lang='lat' dir='ltr'>non</span> <span class='ocrx_word' id='word_1_201' title='bbox 545 1341 664 1384; x_wconf 87' lang='lat' dir='ltr'>ausi</span> <span class='ocrx_word' id='word_1_202' title='bbox 656 1357 793 1384; x_wconf 90' lang='lat' dir='ltr'>umus</span> <span class='ocrx_word' id='word_1_203' title='bbox 809 1341 1010 1383; x_wconf 88' lang='lat' dir='ltr'>adversari</span> <span class='ocrx_word' id='word_1_204' title='bbox 1031 1340 1263 1392; x_wconf 82' lang='lat' dir='ltr'>voluntati3</span> <span class='ocrx_word' id='word_1_205' title='bbox 1296 1340 1542 1382; x_wconf 85' lang='lat' dir='ltr'>movebatur</span> <span class='ocrx_word' id='word_1_206' title='bbox 1561 1338 1651 1380; x_wconf 89' lang='lat' dir='ltr'>sin-</span> 
     </span>
     <span class='ocr_line' id='line_1_22' title="bbox 105 1373 1654 1456; baseline -0.002 -16"><span class='ocrx_word' id='word_1_207' title='bbox 105 1399 237 1456; x_wconf 83' lang='lat' dir='ltr'>gulari</span> <span class='ocrx_word' id='word_1_208' title='bbox 259 1400 409 1456; x_wconf 87' lang='lat' dir='ltr'>pietate</span> <span class='ocrx_word' id='word_1_209' title='bbox 439 1401 578 1442; x_wconf 76' lang='lat' dir='ltr'>filius:</span> <span class='ocrx_word' id='word_1_210' title='bbox 612 1416 696 1441; x_wconf 88' lang='lat' dir='ltr'>non</span> <span class='ocrx_word' id='word_1_211' title='bbox 726 1402 910 1442; x_wconf 89' lang='lat' dir='ltr'>multum</span> <span class='ocrx_word' id='word_1_212' title='bbox 942 1400 1031 1455; x_wconf 85' lang='lat' dir='ltr'>ejus</span> <span class='ocrx_word' id='word_1_213' title='bbox 1065 1373 1362 1455; x_wconf 73' lang='lat' dir='ltr'>perturbationi</span> <span class='ocrx_word' id='word_1_214' title='bbox 1392 1413 1509 1440; x_wconf 87' lang='lat' dir='ltr'>meus</span> <span class='ocrx_word' id='word_1_215' title='bbox 1536 1397 1654 1438; x_wconf 86' lang='lat' dir='ltr'>dolor</span> 
     </span>
     <span class='ocr_line' id='line_1_23' title="bbox 106 1454 1652 1521; baseline -0.001 -23"><span class='ocrx_word' id='word_1_216' title='bbox 106 1458 387 1500; x_wconf 85' lang='lat' dir='ltr'>concedebat.</span> <span class='ocrx_word' id='word_1_217' title='bbox 421 1459 489 1500; x_wconf 88' lang='lat' dir='ltr'>sed</span> <span class='ocrx_word' id='word_1_218' title='bbox 511 1467 682 1514; x_wconf 88' lang='lat' dir='ltr'>uterque</span> <span class='ocrx_word' id='word_1_219' title='bbox 708 1460 899 1499; x_wconf 88' lang='lat' dir='ltr'>nostrum</span> <span class='ocrx_word' id='word_1_220' title='bbox 937 1457 1077 1499; x_wconf 90' lang='lat' dir='ltr'>cedere</span> <span class='ocrx_word' id='word_1_221' title='bbox 1112 1456 1336 1514; x_wconf 81' lang='lat' dir='ltr'>cogebatur</span> <span class='ocrx_word' id='word_1_222' title='bbox 1373 1454 1652 1521; x_wconf 77' lang='lat' dir='ltr'>magnitudini</span> 
     </span>
     <span class='ocr_line' id='line_1_24' title="bbox 109 1492 1723 1573; baseline -0.002 -17"><span class='ocrx_word' id='word_1_223' title='bbox 109 1514 258 1567; x_wconf 89' lang='lat' dir='ltr'>animi,</span> <span class='ocrx_word' id='word_1_224' title='bbox 288 1515 623 1573; x_wconf 63' lang='lat' dir='ltr'>orationisque&lt;D</span> <span class='ocrx_word' id='word_1_225' title='bbox 598 1515 809 1558; x_wconf 65' lang='lat' dir='ltr'>oravitati:</span> <span class='ocrx_word' id='word_1_226' title='bbox 845 1530 943 1557; x_wconf 85' lang='lat' dir='ltr'>curn</span> <span class='ocrx_word' id='word_1_227' title='bbox 977 1515 1146 1572; x_wconf 89' lang='lat' dir='ltr'>quidem</span> <span class='ocrx_word' id='word_1_228' title='bbox 1164 1492 1245 1556; x_wconf 89' lang='lat' dir='ltr'>ille</span> <span class='ocrx_word' id='word_1_229' title='bbox 1272 1513 1460 1556; x_wconf 84' lang='lat' dir='ltr'>maxima</span> <span class='ocrx_word' id='word_1_230' title='bbox 1480 1513 1598 1555; x_wconf 85' lang='lat' dir='ltr'>laude</span> <span class='ocrx_word' id='word_1_231' title='bbox 1613 1522 1653 1554; x_wconf 91' lang='lat' dir='ltr'>et</span> <span class='ocrx_word' id='word_1_232' title='bbox 1671 1513 1723 1553; x_wconf 80' lang='lat'>65</span> 
     </span>
     <span class='ocr_line' id='line_1_25' title="bbox 107 1571 1656 1629; baseline -0.001 -16"><span class='ocrx_word' id='word_1_233' title='bbox 107 1573 382 1629; x_wconf 84' lang='lat' dir='ltr'>gratulatione</span> <span class='ocrx_word' id='word_1_234' title='bbox 411 1589 604 1616; x_wconf 81' lang='lat' dir='ltr'>omnium</span> <span class='ocrx_word' id='word_1_235' title='bbox 636 1575 820 1615; x_wconf 87' lang='lat' dir='ltr'>vestrum</span> <span class='ocrx_word' id='word_1_236' title='bbox 849 1572 1057 1629; x_wconf 86' lang='lat' dir='ltr'>pollicitus</span> <span class='ocrx_word' id='word_1_237' title='bbox 1089 1582 1164 1625; x_wconf 84' lang='lat' dir='ltr'>est,</span> <span class='ocrx_word' id='word_1_238' title='bbox 1201 1588 1242 1614; x_wconf 85' lang='lat' dir='ltr'>se</span> <span class='ocrx_word' id='word_1_239' title='bbox 1261 1572 1374 1628; x_wconf 91' lang='lat' dir='ltr'>quod</span> <span class='ocrx_word' id='word_1_240' title='bbox 1395 1571 1548 1614; x_wconf 84' lang='lat' dir='ltr'>velletis</span> <span class='ocrx_word' id='word_1_241' title='bbox 1568 1585 1656 1612; x_wconf 88' lang='lat' dir='ltr'>esse</span> 
     </span>
     <span class='ocr_line' id='line_1_26' title="bbox 107 1628 1657 1689; baseline -0.001 -17"><span class='ocrx_word' id='word_1_242' title='bbox 107 1631 333 1683; x_wconf 67' lang='lat' dir='ltr'>facturum,</span> <span class='ocrx_word' id='word_1_243' title='bbox 358 1647 491 1689; x_wconf 89' lang='lat' dir='ltr'>neque</span> <span class='ocrx_word' id='word_1_244' title='bbox 512 1632 599 1688; x_wconf 89' lang='lat' dir='ltr'>ejus</span> <span class='ocrx_word' id='word_1_245' title='bbox 636 1630 851 1673; x_wconf 72' lang='lat' dir='ltr'>sententiae</span> <span class='ocrx_word' id='word_1_246' title='bbox 883 1630 1112 1686; x_wconf 87' lang='lat' dir='ltr'>periculum</span> <span class='ocrx_word' id='word_1_247' title='bbox 1143 1630 1384 1682; x_wconf 85' lang='lat' dir='ltr'>vitaturum,</span> <span class='ocrx_word' id='word_1_248' title='bbox 1412 1630 1532 1685; x_wconf 79' lang='lat' dir='ltr'>cujus</span> <span class='ocrx_word' id='word_1_249' title='bbox 1567 1628 1657 1685; x_wconf 86' lang='lat' dir='ltr'>ipse</span> 
     </span>
     <span class='ocr_line' id='line_1_27' title="bbox 108 1688 1658 1746; baseline -0.001 -16"><span class='ocrx_word' id='word_1_250' title='bbox 108 1696 254 1730; x_wconf 84' lang='lat' dir='ltr'>auctor</span> <span class='ocrx_word' id='word_1_251' title='bbox 282 1688 449 1732; x_wconf 87' lang='lat' dir='ltr'>fuisset:</span> <span class='ocrx_word' id='word_1_252' title='bbox 492 1705 618 1746; x_wconf 88' lang='lat' dir='ltr'>quem</span> <span class='ocrx_word' id='word_1_253' title='bbox 648 1689 794 1746; x_wconf 84' lang='lat' dir='ltr'>exequi</span> <span class='ocrx_word' id='word_1_254' title='bbox 828 1689 1023 1730; x_wconf 86' lang='lat' dir='ltr'>mandata</span> <span class='ocrx_word' id='word_1_255' title='bbox 1052 1699 1184 1730; x_wconf 87' lang='lat' dir='ltr'>vestra</span> <span class='ocrx_word' id='word_1_256' title='bbox 1212 1701 1500 1744; x_wconf 85' lang='lat' dir='ltr'>properantem</span> <span class='ocrx_word' id='word_1_257' title='bbox 1532 1701 1658 1729; x_wconf 87' lang='lat' dir='ltr'>mane</span> 
     </span>
     <span class='ocr_line' id='line_1_28' title="bbox 109 1744 1655 1804; baseline -0.001 -17"><span class='ocrx_word' id='word_1_258' title='bbox 109 1745 307 1803; x_wconf 87' lang='lat' dir='ltr'>postridie</span> <span class='ocrx_word' id='word_1_259' title='bbox 323 1747 528 1803; x_wconf 87' lang='lat' dir='ltr'>prosecuti</span> <span class='ocrx_word' id='word_1_260' title='bbox 550 1762 723 1789; x_wconf 83' lang='lat' dir='ltr'>sumus·</span> <span class='ocrx_word' id='word_1_261' title='bbox 711 1780 724 1800; x_wconf 93' lang='lat'>,</span> <span class='ocrx_word' id='word_1_262' title='bbox 758 1746 828 1804; x_wconf 86' lang='lat' dir='ltr'>qui</span> <span class='ocrx_word' id='word_1_263' title='bbox 851 1746 1018 1803; x_wconf 87' lang='lat' dir='ltr'>quidem</span> <span class='ocrx_word' id='word_1_264' title='bbox 1037 1747 1250 1788; x_wconf 86' lang='lat' dir='ltr'>discedens</span> <span class='ocrx_word' id='word_1_265' title='bbox 1271 1761 1439 1788; x_wconf 87' lang='lat' dir='ltr'>mecum</span> <span class='ocrx_word' id='word_1_266' title='bbox 1460 1746 1514 1787; x_wconf 83' lang='lat' dir='ltr'>ita</span> <span class='ocrx_word' id='word_1_267' title='bbox 1534 1744 1655 1787; x_wconf 90' lang='lat' dir='ltr'>locu-</span> 
     </span>
     <span class='ocr_line' id='line_1_29' title="bbox 109 1803 1734 1874; baseline -0.001 -28"><span class='ocrx_word' id='word_1_268' title='bbox 109 1813 178 1846; x_wconf 88' lang='lat' dir='ltr'>tus</span> <span class='ocrx_word' id='word_1_269' title='bbox 191 1813 267 1856; x_wconf 86' lang='lat' dir='ltr'>est,</span> <span class='ocrx_word' id='word_1_270' title='bbox 286 1814 332 1847; x_wconf 82' lang='lat' dir='ltr'>ut</span> <span class='ocrx_word' id='word_1_271' title='bbox 337 1806 435 1869; x_wconf 88' lang='lat' dir='ltr'>ejus</span> <span class='ocrx_word' id='word_1_272' title='bbox 451 1806 581 1848; x_wconf 85' lang='lat' dir='ltr'>oratio</span> <span class='ocrx_word' id='word_1_273' title='bbox 599 1819 725 1846; x_wconf 79' lang='lat' dir='ltr'>omen</span> <span class='ocrx_word' id='word_1_274' title='bbox 744 1806 757 1828; x_wconf 73' lang='lat' dir='ltr'>d</span> <span class='ocrx_word' id='word_1_275' title='bbox 779 1804 851 1846; x_wconf 87' lang='lat' dir='ltr'>fati</span> <span class='ocrx_word' id='word_1_276' title='bbox 873 1805 1090 1846; x_wconf 87' lang='lat' dir='ltr'>videretur.</span> <span class='ocrx_word' id='word_1_277' title='bbox 1128 1804 1299 1846; x_wconf 84' lang='lat' dir='ltr'>Reddite</span> <span class='ocrx_word' id='word_1_278' title='bbox 1321 1803 1461 1874; x_wconf 79' lang='lat' dir='ltr'>igitur,</span> <span class='ocrx_word' id='word_1_279' title='bbox 1486 1805 1529 1845; x_wconf 92' lang='lat' dir='ltr'>P.</span> <span class='ocrx_word' id='word_1_280' title='bbox 1551 1803 1598 1845; x_wconf 89' lang='lat' dir='ltr'>C.</span> <span class='ocrx_word' id='word_1_281' title='bbox 1619 1818 1656 1844; x_wconf 87' lang='grc'>61</span> <span class='ocrx_word' id='word_1_282' title='bbox 1676 1809 1734 1849; x_wconf 83' lang='grc'>70</span> 
     </span>
     <span class='ocr_line' id='line_1_30' title="bbox 111 1861 1657 1916; baseline -0.002 -12"><span class='ocrx_word' id='word_1_283' title='bbox 111 1861 257 1914; x_wconf 87' lang='lat' dir='ltr'>vitam,</span> <span class='ocrx_word' id='word_1_284' title='bbox 281 1862 348 1904; x_wconf 82' lang='lat' dir='ltr'>cui</span> <span class='ocrx_word' id='word_1_285' title='bbox 383 1863 620 1905; x_wconf 86' lang='lat' dir='ltr'>ademistis·</span> <span class='ocrx_word' id='word_1_286' title='bbox 609 1896 621 1916; x_wconf 92' lang='lat'>,</span> <span class='ocrx_word' id='word_1_287' title='bbox 654 1863 737 1905; x_wconf 84' lang='lat' dir='ltr'>vita</span> <span class='ocrx_word' id='word_1_288' title='bbox 763 1863 876 1905; x_wconf 87' lang='lat' dir='ltr'>enim</span> <span class='ocrx_word' id='word_1_289' title='bbox 898 1871 1159 1904; x_wconf 84' lang='lat' dir='ltr'>mortuorum</span> <span class='ocrx_word' id='word_1_290' title='bbox 1182 1862 1225 1904; x_wconf 90' lang='lat' dir='ltr'>in</span> <span class='ocrx_word' id='word_1_291' title='bbox 1246 1864 1450 1903; x_wconf 71' lang='lat' dir='ltr'>memoria</span> <span class='ocrx_word' id='word_1_292' title='bbox 1468 1877 1491 1902; x_wconf 81' lang='lat' dir='ltr'><strong>v</strong></span> <span class='ocrx_word' id='word_1_293' title='bbox 1497 1861 1657 1902; x_wconf 86' lang='lat' dir='ltr'>ivorum</span> 
     </span>
     <span class='ocr_line' id='line_1_31' title="bbox 112 1918 1656 1977; baseline -0.001 -16"><span class='ocrx_word' id='word_1_294' title='bbox 112 1928 174 1962; x_wconf 87' lang='lat' dir='ltr'>est</span> <span class='ocrx_word' id='word_1_295' title='bbox 196 1919 356 1975; x_wconf 84' lang='lat' dir='ltr'>posita.</span> <span class='ocrx_word' id='word_1_296' title='bbox 390 1922 570 1977; x_wconf 87' lang='lat' dir='ltr'>perficite</span> <span class='ocrx_word' id='word_1_297' title='bbox 591 1931 636 1963; x_wconf 91' lang='lat' dir='ltr'>ut</span> <span class='ocrx_word' id='word_1_298' title='bbox 656 1920 705 1971; x_wconf 90' lang='lat' dir='ltr'>is,</span> <span class='ocrx_word' id='word_1_299' title='bbox 729 1936 854 1977; x_wconf 85' lang='lat' dir='ltr'>quem</span> <span class='ocrx_word' id='word_1_300' title='bbox 871 1936 944 1962; x_wconf 87' lang='lat' dir='ltr'>vos</span> <span class='ocrx_word' id='word_1_301' title='bbox 962 1919 1079 1962; x_wconf 88' lang='lat' dir='ltr'>inscii</span> <span class='ocrx_word' id='word_1_302' title='bbox 1103 1921 1150 1962; x_wconf 89' lang='lat' dir='ltr'>ad</span> <span class='ocrx_word' id='word_1_303' title='bbox 1170 1930 1346 1962; x_wconf 86' lang='lat' dir='ltr'>mortem</span> <span class='ocrx_word' id='word_1_304' title='bbox 1367 1918 1554 1970; x_wconf 84' lang='lat' dir='ltr'>misistis,</span> <span class='ocrx_word' id='word_1_305' title='bbox 1575 1918 1656 1959; x_wconf 90' lang='lat' dir='ltr'>im—</span> 
     </span>
     <span class='ocr_line' id='line_1_32' title="bbox 113 1977 1660 2029; baseline -0.002 -10"><span class='ocrx_word' id='word_1_306' title='bbox 113 1977 407 2021; x_wconf 80' lang='lat' dir='ltr'>mortalitatem</span> <span class='ocrx_word' id='word_1_307' title='bbox 429 1979 608 2027; x_wconf 86' lang='lat' dir='ltr'>habeat</span> <span class='ocrx_word' id='word_1_308' title='bbox 596 1995 621 2021; x_wconf 84' lang='lat' dir='ltr'>a</span> <span class='ocrx_word' id='word_1_309' title='bbox 640 1979 783 2020; x_wconf 86' lang='lat' dir='ltr'>vobis·</span> <span class='ocrx_word' id='word_1_310' title='bbox 772 2010 784 2029; x_wconf 95' lang='lat'>,</span> <span class='ocrx_word' id='word_1_311' title='bbox 819 1978 885 2020; x_wconf 89' lang='lat' dir='ltr'>cui</span> <span class='ocrx_word' id='word_1_312' title='bbox 908 1988 1083 2020; x_wconf 85' lang='lat' dir='ltr'>statuam</span> <span class='ocrx_word' id='word_1_313' title='bbox 1105 1978 1147 2020; x_wconf 85' lang='lat' dir='ltr'>in</span> <span class='ocrx_word' id='word_1_314' title='bbox 1166 1978 1325 2020; x_wconf 84' lang='lat' dir='ltr'>Rostris</span> <span class='ocrx_word' id='word_1_315' title='bbox 1344 1979 1506 2019; x_wconf 88' lang='lat' dir='ltr'>decreto</span> <span class='ocrx_word' id='word_1_316' title='bbox 1526 1987 1660 2019; x_wconf 87' lang='lat' dir='ltr'>vestro</span> 
     </span>
     <span class='ocr_line' id='line_1_33' title="bbox 113 2034 1657 2093; baseline -0.001 -17"><span class='ocrx_word' id='word_1_317' title='bbox 113 2035 350 2088; x_wconf 84' lang='lat' dir='ltr'>statueritis,</span> <span class='ocrx_word' id='word_1_318' title='bbox 387 2037 501 2078; x_wconf 88' lang='lat' dir='ltr'>nulla</span> <span class='ocrx_word' id='word_1_319' title='bbox 531 2052 618 2088; x_wconf 70' lang='lat' dir='ltr'>ems</span> <span class='ocrx_word' id='word_1_320' title='bbox 658 2037 907 2093; x_wconf 80' lang='lat' dir='ltr'>legationem</span> <span class='ocrx_word' id='word_1_321' title='bbox 940 2035 1184 2092; x_wconf 79' lang='lat' dir='ltr'>posteritatis</span> <span class='ocrx_word' id='word_1_322' title='bbox 1217 2035 1455 2077; x_wconf 83' lang='lat' dir='ltr'>obscurabit</span> <span class='ocrx_word' id='word_1_323' title='bbox 1489 2034 1657 2076; x_wconf 90' lang='lat' dir='ltr'>oblivio</span> 
     </span>
     <span class='ocr_line' id='line_1_34' title="bbox 113 2067 1736 2150; baseline -0.002 -15"><span class='ocrx_word' id='word_1_324' title='bbox 113 2093 233 2135; x_wconf 86' lang='lat' dir='ltr'>Nam</span> <span class='ocrx_word' id='word_1_325' title='bbox 251 2093 406 2150; x_wconf 84' lang='lat' dir='ltr'>reliqua</span> <span class='ocrx_word' id='word_1_326' title='bbox 425 2096 512 2137; x_wconf 81' lang='lat' dir='ltr'>Ser.</span> <span class='ocrx_word' id='word_1_327' title='bbox 538 2067 712 2150; x_wconf 90' lang='lat' dir='ltr'>Sulpicii</span> <span class='ocrx_word' id='word_1_328' title='bbox 735 2095 815 2136; x_wconf 86' lang='lat' dir='ltr'>vita</span> <span class='ocrx_word' id='word_1_329' title='bbox 837 2094 978 2136; x_wconf 87' lang='lat' dir='ltr'>multis</span> <span class='ocrx_word' id='word_1_330' title='bbox 1003 2093 1077 2135; x_wconf 89' lang='lat' dir='ltr'>erit</span> <span class='ocrx_word' id='word_1_331' title='bbox 1099 2093 1384 2150; x_wconf 76' lang='lat' dir='ltr'>praeclarisque</span> <span class='ocrx_word' id='word_1_332' title='bbox 1401 2108 1657 2135; x_wconf 84' lang='lat' dir='ltr'>monumen·</span> <span class='ocrx_word' id='word_1_333' title='bbox 1679 2098 1736 2141; x_wconf 75' lang='grc'>75</span> 
     </span>
     <span class='ocr_line' id='line_1_35' title="bbox 115 2149 1662 2207; baseline 0 -15"><span class='ocrx_word' id='word_1_334' title='bbox 115 2149 168 2192; x_wconf 82' lang='lat' dir='ltr'>tis</span> <span class='ocrx_word' id='word_1_335' title='bbox 188 2151 236 2192; x_wconf 89' lang='lat' dir='ltr'>ad</span> <span class='ocrx_word' id='word_1_336' title='bbox 265 2166 436 2193; x_wconf 88' lang='lat' dir='ltr'>omnem</span> <span class='ocrx_word' id='word_1_337' title='bbox 467 2152 716 2194; x_wconf 83' lang='lat' dir='ltr'>memoriam</span> <span class='ocrx_word' id='word_1_338' title='bbox 750 2152 1068 2194; x_wconf 84' lang='lat' dir='ltr'>commendata</span> <span class='ocrx_word' id='word_1_339' title='bbox 1060 2183 1070 2199; x_wconf 93' lang='lat'>,</span> <span class='ocrx_word' id='word_1_340' title='bbox 1101 2167 1262 2207; x_wconf 72' lang='lat' dir='ltr'>sem-*pei</span> <span class='ocrx_word' id='word_1_341' title='bbox 1279 2151 1348 2192; x_wconf 90' lang='lat' dir='ltr'>illi·</span> <span class='ocrx_word' id='word_1_342' title='bbox 1341 2167 1387 2192; x_wconf 76' lang='lat' dir='ltr'>ns</span> <span class='ocrx_word' id='word_1_343' title='bbox 1404 2151 1662 2207; x_wconf 81' lang='lat' dir='ltr'>gravitatem,</span> 
     </span>
     <span class='ocr_line' id='line_1_36' title="bbox 118 2208 1665 2266; baseline 0.001 -18"><span class='ocrx_word' id='word_1_344' title='bbox 118 2208 414 2262; x_wconf 84' lang='lat' dir='ltr'>constantiam,</span> <span class='ocrx_word' id='word_1_345' title='bbox 441 2210 583 2262; x_wconf 89' lang='lat' dir='ltr'>fidem,</span> <span class='ocrx_word' id='word_1_346' title='bbox 606 2220 870 2266; x_wconf 74' lang='lat' dir='ltr'>praestantem</span> <span class='ocrx_word' id='word_1_347' title='bbox 892 2209 934 2251; x_wconf 92' lang='lat' dir='ltr'>in</span> <span class='ocrx_word' id='word_1_348' title='bbox 957 2209 1171 2265; x_wconf 73' lang='lat' dir='ltr'>republica</span> <span class='ocrx_word' id='word_1_349' title='bbox 1192 2209 1345 2250; x_wconf 77' lang='lat' dir='ltr'>tuenda</span> <span class='ocrx_word' id='word_1_350' title='bbox 1366 2225 1509 2250; x_wconf 77' lang='lat' dir='ltr'>curam</span> <span class='ocrx_word' id='word_1_351' title='bbox 1541 2219 1665 2264; x_wconf 81' lang='lat' dir='ltr'>atque</span> 
     </span>
     <span class='ocr_line' id='line_1_37' title="bbox 117 2267 1662 2330; baseline 0 -24"><span class='ocrx_word' id='word_1_352' title='bbox 117 2267 395 2320; x_wconf 83' lang='lat' dir='ltr'>prudentiam,</span> <span class='ocrx_word' id='word_1_353' title='bbox 417 2267 609 2310; x_wconf 84' lang='lat' dir='ltr'>omnium</span> <span class='ocrx_word' id='word_1_354' title='bbox 644 2268 881 2310; x_wconf 86' lang='lat' dir='ltr'>mortalium</span> <span class='ocrx_word' id='word_1_355' title='bbox 906 2267 1017 2309; x_wconf 82' lang='lat' dir='ltr'>fama</span> <span class='ocrx_word' id='word_1_356' title='bbox 1038 2267 1275 2308; x_wconf 73' lang='lat' dir='ltr'>celebrabit.</span> <span class='ocrx_word' id='word_1_357' title='bbox 1336 2268 1430 2309; x_wconf 84' lang='lat' dir='ltr'>Nec</span> <span class='ocrx_word' id='word_1_358' title='bbox 1451 2269 1545 2308; x_wconf 76' lang='lat' dir='ltr'>vero</span> <span class='ocrx_word' id='word_1_359' title='bbox 1566 2267 1662 2330; x_wconf 72' lang='lat' dir='ltr'>sile-</span> 
     </span>
     <span class='ocr_line' id='line_1_38' title="bbox 118 2321 1665 2382; baseline 0 -18"><span class='ocrx_word' id='word_1_360' title='bbox 118 2321 232 2365; x_wconf 85' lang='lat' dir='ltr'>bitur</span> <span class='ocrx_word' id='word_1_361' title='bbox 252 2325 505 2366; x_wconf 81' lang='lat' dir='ltr'>admirabilis</span> <span class='ocrx_word' id='word_1_362' title='bbox 526 2326 718 2382; x_wconf 79' lang='lat' dir='ltr'>quaedam</span> <span class='ocrx_word' id='word_1_363' title='bbox 743 2335 781 2367; x_wconf 88' lang='lat' dir='ltr'>et</span> <span class='ocrx_word' id='word_1_364' title='bbox 803 2325 1070 2375; x_wconf 83' lang='lat' dir='ltr'>incredibilis,</span> <span class='ocrx_word' id='word_1_365' title='bbox 1105 2340 1151 2367; x_wconf 84' lang='lat' dir='ltr'>ac</span> <span class='ocrx_word' id='word_1_366' title='bbox 1187 2328 1293 2380; x_wconf 81' lang='lat' dir='ltr'>pene</span> <span class='ocrx_word' id='word_1_367' title='bbox 1326 2323 1465 2366; x_wconf 80' lang='lat' dir='ltr'>divina</span> <span class='ocrx_word' id='word_1_368' title='bbox 1503 2325 1590 2381; x_wconf 77' lang='lat' dir='ltr'>eius</span> <span class='ocrx_word' id='word_1_369' title='bbox 1623 2323 1665 2364; x_wconf 88' lang='lat' dir='ltr'>in</span> 
     </span>
     <span class='ocr_line' id='line_1_39' title="bbox 118 2357 1745 2446; baseline 0.001 -25"><span class='ocrx_word' id='word_1_370' title='bbox 118 2379 279 2445; x_wconf 41' lang='lat' dir='ltr'>legib-us</span> <span class='ocrx_word' id='word_1_371' title='bbox 301 2380 629 2438; x_wconf 85' lang='lat' dir='ltr'>interpretandis,</span> <span class='ocrx_word' id='word_1_372' title='bbox 654 2384 844 2446; x_wconf 80' lang='lat' dir='ltr'>aequitate</span> <span class='ocrx_word' id='word_1_373' title='bbox 881 2357 1145 2439; x_wconf 59' lang='lat' dir='ltr'>explicaridi,</span> <span class='ocrx_word' id='word_1_374' title='bbox 1176 2383 1360 2424; x_wconf 78' lang='lat' dir='ltr'>scientia.</span> <span class='ocrx_word' id='word_1_375' title='bbox 1424 2373 1585 2424; x_wconf 56' lang='lat' dir='ltr'>Omnes⁴</span> <span class='ocrx_word' id='word_1_376' title='bbox 1619 2397 1665 2422; x_wconf 79' lang='lat' dir='ltr'>ex</span> <span class='ocrx_word' id='word_1_377' title='bbox 1686 2389 1745 2423; x_wconf 78' lang='lat'>80</span> 
     </span>
     <span class='ocr_line' id='line_1_40' title="bbox 119 2439 1671 2503; baseline 0.001 -24"><span class='ocrx_word' id='word_1_378' title='bbox 119 2453 239 2480; x_wconf 82' lang='lat' dir='ltr'>omni</span> <span class='ocrx_word' id='word_1_379' title='bbox 273 2448 406 2491; x_wconf 85' lang='lat' dir='ltr'>aetate,</span> <span class='ocrx_word' id='word_1_380' title='bbox 427 2457 497 2497; x_wconf 86' lang='lat' dir='ltr'>qui</span> <span class='ocrx_word' id='word_1_381' title='bbox 529 2457 571 2482; x_wconf 85' lang='grc'>111</span> <span class='ocrx_word' id='word_1_382' title='bbox 605 2443 683 2482; x_wconf 83' lang='lat' dir='ltr'>hac</span> <span class='ocrx_word' id='word_1_383' title='bbox 715 2441 877 2483; x_wconf 81' lang='lat' dir='ltr'>civitate</span> <span class='ocrx_word' id='word_1_384' title='bbox 905 2440 1337 2503; x_wconf 76' lang='lat' dir='ltr'>intelligenti·1nijuris</span> <span class='ocrx_word' id='word_1_385' title='bbox 1361 2440 1611 2491; x_wconf 80' lang='lat' dir='ltr'>habuerunt,</span> <span class='ocrx_word' id='word_1_386' title='bbox 1635 2439 1671 2481; x_wconf 81' lang='lat' dir='ltr'>si</span> 
     </span>
     <span class='ocr_line' id='line_1_41' title="bbox 112 2496 1667 2554; baseline 0.001 -17"><span class='ocrx_word' id='word_1_387' title='bbox 112 2510 255 2538; x_wconf 80' lang='lat' dir='ltr'>‚unum</span> <span class='ocrx_word' id='word_1_388' title='bbox 277 2496 321 2538; x_wconf 89' lang='lat' dir='ltr'>in</span> <span class='ocrx_word' id='word_1_389' title='bbox 341 2497 481 2540; x_wconf 81' lang='lat' dir='ltr'>locum</span> <span class='ocrx_word' id='word_1_390' title='bbox 503 2498 783 2550; x_wconf 84' lang='lat' dir='ltr'>conferantur,</span> <span class='ocrx_word' id='word_1_391' title='bbox 807 2514 902 2540; x_wconf 81' lang='lat' dir='ltr'>curn</span> <span class='ocrx_word' id='word_1_392' title='bbox 925 2499 1012 2540; x_wconf 83' lang='lat' dir='ltr'>Ser.</span> <span class='ocrx_word' id='word_1_393' title='bbox 1039 2497 1220 2553; x_wconf 69' lang='lat' dir='ltr'>Sulpicio</span> <span class='ocrx_word' id='word_1_394' title='bbox 1259 2514 1345 2539; x_wconf 89' lang='lat' dir='ltr'>non</span> <span class='ocrx_word' id='word_1_395' title='bbox 1378 2508 1474 2539; x_wconf 75' lang='lat' dir='ltr'>sunt</span> <span class='ocrx_word' id='word_1_396' title='bbox 1495 2513 1667 2554; x_wconf 86' lang='lat' dir='ltr'>compa-</span> 
     </span>
     <span class='ocr_line' id='line_1_42' title="bbox 122 2552 1669 2614; baseline 0.002 -19"><span class='ocrx_word' id='word_1_397' title='bbox 122 2552 254 2597; x_wconf 67' lang='lat' dir='ltr'>nudi.</span> <span class='ocrx_word' id='word_1_398' title='bbox 315 2554 468 2612; x_wconf 89' lang='lat' dir='ltr'>Neque</span> <span class='ocrx_word' id='word_1_399' title='bbox 485 2555 599 2598; x_wconf 87' lang='lat' dir='ltr'>enim</span> <span class='ocrx_word' id='word_1_400' title='bbox 621 2555 686 2598; x_wconf 88' lang='lat' dir='ltr'>ille</span> <span class='ocrx_word' id='word_1_401' title='bbox 708 2556 841 2614; x_wconf 82' lang='lat' dir='ltr'>magis</span> <span class='ocrx_word' id='word_1_402' title='bbox 855 2556 967 2598; x_wconf 65' lang='lat' dir='ltr'>‚Iuris</span> <span class='ocrx_word' id='word_1_403' title='bbox 985 2555 1215 2607; x_wconf 84' lang='lat' dir='ltr'>consultus,</span> <span class='ocrx_word' id='word_1_404' title='bbox 1237 2572 1364 2613; x_wconf 71' lang='lat' dir='ltr'>quarn</span> <span class='ocrx_word' id='word_1_405' title='bbox 1380 2555 1560 2598; x_wconf 72' lang='lat' dir='ltr'>,lustitia</span> <span class='ocrx_word' id='word_1_406' title='bbox 1576 2555 1669 2598; x_wconf 82' lang='lat' dir='ltr'>luit</span> 
     </span>
    </p>
   </div>
   <div class='ocr_carea' id='block_1_3' title="bbox 261 2674 1568 2731">
    <p class='ocr_par' dir='ltr' id='par_1_3' title="bbox 261 2674 1568 2731">
     <span class='ocr_line' id='line_1_43' title="bbox 261 2674 1568 2731; baseline -0.002 -16"><span class='ocrx_word' id='word_1_407' title='bbox 261 2674 278 2701; x_wconf 57' lang='grc' dir='ltr'>ι’</span> <span class='ocrx_word' id='word_1_408' title='bbox 293 2680 459 2731; x_wconf 63' lang='lat' dir='ltr'>coegistis</span> <span class='ocrx_word' id='word_1_409' title='bbox 477 2688 614 2717; x_wconf 80' lang='lat' dir='ltr'>mutare</span> <span class='ocrx_word' id='word_1_410' title='bbox 630 2682 851 2717; x_wconf 76' lang='lat' dir='ltr'>sententiam.</span> <span class='ocrx_word' id='word_1_411' title='bbox 1011 2682 1026 2700; x_wconf 84' lang='lat' dir='ltr'>e</span> <span class='ocrx_word' id='word_1_412' title='bbox 1042 2681 1229 2715; x_wconf 56' lang='lat' dir='ltr'>sevocavit.</span> <span class='ocrx_word' id='word_1_413' title='bbox 1399 2675 1413 2698; x_wconf 52' lang='grc' dir='ltr'>ἢ</span> <span class='ocrx_word' id='word_1_414' title='bbox 1436 2678 1568 2713; x_wconf 74' lang='lat' dir='ltr'>mortis.</span> 
     </span>
    </p>
   </div>
   <div class='ocr_carea' id='block_1_4' title="bbox 135 2815 1686 2906">
    <p class='ocr_par' dir='ltr' id='par_1_4' title="bbox 135 2815 1686 2906">
     <span class='ocr_line' id='line_1_44' title="bbox 181 2815 1686 2858; baseline 0.001 -12"><span class='ocrx_word' id='word_1_415' title='bbox 181 2815 236 2846; x_wconf 75' lang='lat'>83.</span> <span class='ocrx_word' id='word_1_416' title='bbox 256 2816 369 2854; x_wconf 69' lang='lat' dir='ltr'>Magis</span> <span class='ocrx_word' id='word_1_417' title='bbox 385 2817 475 2848; x_wconf 73' lang='lat' dir='ltr'>Juris</span> <span class='ocrx_word' id='word_1_418' title='bbox 491 2817 653 2854; x_wconf 74' lang='lat' dir='ltr'>consulens,</span> <span class='ocrx_word' id='word_1_419' title='bbox 678 2817 767 2857; x_wconf 75' lang='lat' dir='ltr'>qrulm</span> <span class='ocrx_word' id='word_1_420' title='bbox 792 2817 891 2848; x_wconf 77' lang='lat' dir='ltr'>Jmlz‘-</span> <span class='ocrx_word' id='word_1_421' title='bbox 947 2816 1107 2856; x_wconf 60' lang='lat' dir='ltr'>atquitsztc,</span> <span class='ocrx_word' id='word_1_422' title='bbox 1124 2826 1195 2856; x_wconf 81' lang='lat' dir='ltr'>quae</span> <span class='ocrx_word' id='word_1_423' title='bbox 1223 2822 1366 2846; x_wconf 67' lang='lat' dir='ltr'>constans</span> <span class='ocrx_word' id='word_1_424' title='bbox 1393 2822 1423 2846; x_wconf 77' lang='lat' dir='ltr'>et</span> <span class='ocrx_word' id='word_1_425' title='bbox 1449 2825 1603 2858; x_wconf 66' lang='lat' dir='ltr'>perpetrm</span> <span class='ocrx_word' id='word_1_426' title='bbox 1633 2826 1686 2848; x_wconf 44' lang='lat' dir='ltr'>voa</span> 
     </span>
     <span class='ocr_line' id='line_1_45' title="bbox 135 2860 1615 2906; baseline -0.002 -12"><span class='ocrx_word' id='word_1_427' title='bbox 135 2860 218 2901; x_wconf 46' lang='lat' dir='ltr'>aaa]</span> <span class='ocrx_word' id='word_1_428' title='bbox 243 2862 300 2906; x_wconf 73' lang='lat' dir='ltr'>Jus</span> <span class='ocrx_word' id='word_1_429' title='bbox 328 2861 453 2905; x_wconf 74' lang='lat' dir='ltr'>legibus</span> <span class='ocrx_word' id='word_1_430' title='bbox 465 2862 662 2899; x_wconf 81' lang='lat' dir='ltr'>continetur,</span> <span class='ocrx_word' id='word_1_431' title='bbox 675 2861 797 2902; x_wconf 51' lang='lat' dir='ltr'>justitia</span> <span class='ocrx_word' id='word_1_432' title='bbox 814 2865 892 2895; x_wconf 64' lang='lat' dir='ltr'>vcro</span> <span class='ocrx_word' id='word_1_433' title='bbox 952 2861 1058 2891; x_wconf 79' lang='lat' dir='ltr'>luntas</span> <span class='ocrx_word' id='word_1_434' title='bbox 1074 2868 1118 2890; x_wconf 72' lang='lat' dir='ltr'>est</span> <span class='ocrx_word' id='word_1_435' title='bbox 1138 2860 1251 2904; x_wconf 70' lang='lat' dir='ltr'>cuique</span> <span class='ocrx_word' id='word_1_436' title='bbox 1267 2860 1315 2902; x_wconf 75' lang='lat' dir='ltr'>jus</span> <span class='ocrx_word' id='word_1_437' title='bbox 1333 2871 1423 2892; x_wconf 66' lang='lat' dir='ltr'>,uum</span> <span class='ocrx_word' id='word_1_438' title='bbox 1442 2861 1615 2893; x_wconf 72' lang='lat' dir='ltr'>tribuendi.</span> 
     </span>
    </p>
   </div>
   <div class='ocr_carea' id='block_1_5' title="bbox 1021 2905 1698 2944">
    <p class='ocr_par' dir='ltr' id='par_1_5' title="bbox 1021 2905 1698 2944">
     <span class='ocr_line' id='line_1_46' title="bbox 1021 2905 1698 2944; baseline 0.001 -1"><span class='ocrx_word' id='word_1_439' title='bbox 1021 2915 1043 2943; x_wconf 79' lang='lat'><strong>2</strong></span> <span class='ocrx_word' id='word_1_440' title='bbox 1081 2916 1110 2944; x_wconf 70' lang='lat' dir='ltr'>i&lt;</span> <span class='ocrx_word' id='word_1_441' title='bbox 1632 2905 1698 2944; x_wconf 73' lang='lat' dir='ltr'>lta</span> 
     </span>
    </p>
   </div>
  </div>
 </body>
</html>
