1872 3140
650 160 733 206 DE
763 159 1134 204 SENECTUTE.
1665 169 1742 209 (κρῖ

135 276 304 334 quidem
323 274 455 318 hostis
467 275 630 319 honore
647 276 864 332 sepulturae
883 290 1014 317 carere
1033 289 1174 330 passus
1192 282 1278 324 est3
1303 271 1369 313 scd
1387 270 1568 327 legiones
1587 288 1666 315 no-

138 345 254 385 stras,
275 334 386 391 quod
408 334 552 391 scripsi
588 334 634 375 in
655 333 951 390 Orioinibus,
944 349 987 374 in
1017 347 1112 373 eum
1152 345 1259 385 saepe
1291 329 1429 371 locum
1464 330 1665 385 profectas

137 391 259 434 alacri
279 407 421 433 ammo
441 405 481 433 et
514 402 664 442 erecto,
699 391 807 432 uude
842 406 883 431 se
904 403 1121 446 nunquam
1146 387 1340 429 redituras
1363 387 1663 431 arbitrarentur.

138 449 266 492 Quod
302 449 428 506 igitur
460 449 752 500 adolescentes,
782 459 821 489 et
844 447 867 488 ii
892 447 1061 504 quidem
1097 461 1183 486 non
1218 447 1355 488 solum
1393 445 1564 498 indocti,
1597 449 1666 490 sed
1680 457 1737 491 10

136 507 261 548 etiam
285 507 425 550 rustici
446 515 736 557 contemnunt,
771 506 809 546 id
832 505 942 546 docti
973 518 1088 545 senes
1122 503 1293 544 extimes
1287 505 1419 544 cent?
1457 503 1664 557 Omnino,

138 574 185 606 ut
204 564 311 606 mihi
335 564 503 621 quidem
524 564 696 614 videtur,
719 561 950 604 studiorum
970 561 1164 602 omnium
1187 560 1346 602 53336335
1368 559 1460 602 vitae
1483 561 1579 603 facit
1601 578 1666 604 sa-

136 620 336 664 tietatem
390 623 507 663 Sunt
535 620 719 684 pueritize
756 629 864 662 certa
896 618 1058 661 studia·
1047 650 1059 670 ‚
1093 633 1195 659 num
1219 617 1343 663 itritur
1373 633 1418 659 63
1438 618 1504 660 (165
1512 618 1669 662 iderant

135 679 443 721 adolescentes?
479 689 575 720 sunt
591 687 630 719 et
645 676 825 719 ineuntis
844 675 1158 719 adolescentiae·
1147 708 1160 739 ,
1193 691 1296 722 num
1310 691 1356 716 ea
1373 686 1502 717 603353
1493 678 1663 734 30513333

135 737 306 794 requirit
342 747 455 788 aetas,
494 751 588 792 quae
609 734 745 776 media
779 734 957 777 dicitur.
947 749 958 766 ν
995 743 1091 776 sunt
1110 734 1234 774 ctiam
1257 734 1379 790 hujus
1402 744 1554 787 (633335,
1589 747 1734 781 336645

139 809 186 837 ea
206 794 372 858 quidem
395 803 635 851 quaeruntur
655 810 679 834 a
701 802 937 834 senectute:
973 801 1068 833 sunt
1095 802 1277 832 extrema
1312 791 1501 848 quaedam
1535 793 1670 856 studia

139 851 388 894 senectutis·
422 867 534 909 ergO,
555 861 601 893 ut
621 851 876 906 superiorum
907 859 1076 891 :etatum
1114 848 1247 891 studia
1278 849 1488 901 occidunt,
1512 850 1569 891 sic
1592 867 1666 893 oc-

135 909 281 952 cidunt
309 908 435 951 etiam
457 909 702 951 senectutis:
740 908 851 965 quod
873 923 972 950 cum
1005 905 1154 959 evenit,
1188 905 1349 948 satietas
1377 905 1471 949 vitae
1505 916 1667 966 tempus

137 977 347 1010 maturum
370 966 514 1009 mortis
535 966 665 1009 affert.

192 1026 321 1067 XXI.
345 1025 553 1081 Equidem
588 1040 675 1077 nou
693 1023 827 1075 video,
851 1038 938 1075 cur,
972 1023 1070 1080 quid
1106 1022 1167 1078 3135
1154 1039 1192 1063 56
1229 1021 1404 1064 sentiam
1436 1023 1484 1064 de
1518 1035 1667 1078 morte,

135 1097 222 1124 non
242 1083 416 1124 audeam
436 1082 552 1124 vobis
573 1082 731 1123 dicere.
767 1082 879 1138 quod
914 1096 961 1122 eo
1000 1080 1150 1122 melius
1184 1080 1291 1121 mihi
1327 1095 1489 1122 cernere
1511 1082 1664 1135 videor,

136 1155 222 1196 quo
243 1141 294 1182 ab
315 1156 362 1182 ea
381 1140 548 1196 propius
568 1138 732 1181 absum.
794 1140 908 1196 Ergo
929 1147 1082 1180 vestros
1102 1148 1249 1202 patreS,
1275 1139 1320 1180 P.
1343 1137 1499 1201 Scipio,
1523 1149 1665 1196 tuque,

137 1199 194 1239 C.
224 1197 347 1249 Laeli,
380 1213 486 1238 33305
505 1197 769 1248 6133355333305,
791 1176 981 1253 mihique
1003 1196 1294 1247 amicissimos,
1316 1210 1448 1237 vivere
1468 1197 1666 1239 arbitr01:

136 1265 177 1297 et
205 1270 297 1296 eam
329 1254 498 1311 quidem
519 1254 661 1306 vitam,
684 1270 778 1311 quae
799 1263 859 1295 est
880 1255 965 1296 sola
981 1254 1064 1296 vita
1083 1253 1352 1295 nominanda.
1412 1255 1546 1306 Nam,
1569 1256 1670 1298 dum
1714 1267 1740 1301 5

139 1327 284 1355 sumus
307 1313 350 1354 in
372 1313 436 1354 his
457 1312 605 1354 inclusi
627 1312 899 1376 compagibus
921 1311 1118 1368 corporis,
1142 1327 1311 1352 munere
1333 1313 1514 1368 quodam
1535 1328 1674 1355 336665-

139 1370 287 1422 sitatis,
309 1384 349 1413 63
378 1370 488 1427 gravi
520 1386 640 1426 opere
661 1369 971 1427 perfungi1nur3
1005 1380 1064 1411 est
1085 1369 1200 1411 enim
1232 1369 1397 1410 animus
1417 1370 1598 1412 60165335
1619 1387 1671 1413 ex

135 1428 226 1470 altis
232 1427 337 1470 simo
358 1427 571 1470 domicilio
593 1429 803 1492 depressus
824 1438 863 1469 et
884 1427 1000 1485 quasi
1023 1427 1269 1468 demersus
1261 1443 1304 1468 333
1325 1438 1488 1479 terram,
1526 1429 1667 1470 locum

137 1486 289 1528 divinae
321 1496 478 1527 naturae
517 1486 817 1550 aeternitatique
848 1485 1115 1527 contrarium.
1178 1485 1257 1527 Sed
1290 1485 1410 1526 credo
1439 1486 1553 1527 Deos
1587 1487 1666 1529 im—

141 1544 333 1586 mortales
352 1544 542 1600 sparsisse
563 1559 724 1585 animos
744 1559 787 1585 333
809 1558 979 1600 corpora
999 1545 1198 1594 humana,
1222 1555 1267 1584 ut
1286 1553 1435 1593 6556333,
1449 1545 1529 1607 qui
1547 1554 1668 1587 terras
1687 1557 1739 1591 10

144 1612 368 1654 tuerentur,
407 1617 560 1659 quique
581 1600 814 1643 6016533003
835 1602 1024 1643 ordinem
1046 1601 1389 1656 contemplantes,
1413 1601 1669 1644 imitarentur

140 1675 235 1701 eum
255 1660 308 1701 vit
314 1676 348 1701 6
365 1659 490 1701 modo
512 1669 633 1717 atque
651 1659 909 1701 constantia:
943 1675 1019 1701 nec
1040 1675 1107 1700 me
1124 1658 1263 1700 solum
1293 1658 1394 1700 ratio
1412 1675 1458 1700 ac
1480 1659 1667 1716 (135133333-

138 1717 197 1758 tio
218 1717 400 1773 impulit,
423 1727 468 1758 ut
489 1718 544 1759 ita
563 1717 793 1759 crederem·
782 1750 795 1769 ,
830 1717 897 1758 sed
926 1716 1120 1758 nobilitas
1141 1715 1263 1758 etiam
1286 1731 1548 1759 summorum
1571 1718 1667 1775 phi-

139 1775 412 1831 losophorum
432 1786 472 1816 63
492 1775 724 1817 auctoritas.
786 1774 1023 1817 Audiebam
1048 1776 1103 1831 Py
1109 1775 1339 1831 than-oram,
1364 1776 1666 1834 1³)tliagoreos-

137 1848 249 1896 (1336,
255 1832 411 1874 33360135
441 1837 560 1889 paene
583 1844 759 1883 33053305,
782 1834 852 1889 003
874 1844 1009 1874 6556333
1030 1826 1163 1875 Italici
1180 1811 1433 1889 philosophi
1456 1835 1666 1891 quondam
1688 1848 1730 1880 15

135 1889 358 1943 nominati,
380 1906 598 1947 nunquam
616 1890 842 1942 dubitasse,
877 1891 979 1948 quin
1000 1906 1048 1932 ex
1069 1892 1230 1932 univser
1235 1907 1259 1932 a
1275 1902 1413 1933 mente
1434 1892 1565 1933 divin
1549 1910 1572 1934 3
1592 1894 1664 1934 de-

136 1947 287 1990 libatos
307 1949 469 1991 animos
491 1949 762 1990 haberemus.
799 1948 1184 1990 demonstrabantur
1213 1948 1318 1989 mihi
1347 1947 1540 2004 praeterea
1571 1968 1639 2007 (10
1632 1968 1665 1992 ε·

135 2007 327 2069 Socrates
343 2021 534 2070 supremo
556 2006 652 2048 vitae
671 2005 735 2047 (136
755 2006 805 2047 (16
823 2005 1129 2048 immortalitate
1142 2005 1379 2048 animorum
1396 2008 1594 2050 disseruis.
1591 2021 1664 2061 set,

133 2063 168 2104 is
191 2063 264 2120 qui
284 2074 389 2106 esset
408 2079 602 2105 omnium
637 2064 963 2120 sapientissimus
999 2064 1165 2105 oraculo
1196 2064 1408 2120 Apollinis
1435 2066 1661 2122 judicatus.

136 2121 254 2165 Quid
275 2122 436 2163 multa?
472 2123 529 2164 sic
552 2121 657 2163 mihi
679 2137 875 2177 persuasi,
893 2138 952 2164 5ι6
969 2122 1119 2174 sentio,
1135 2123 1237 2163 60333
1254 2132 1367 2163 tauta
1382 2117 1562 2166 celeritas
1576 2125 1666 2166 aui-
1681 2137 1734 2170 ⁶20

139 2193 309 2222 morum
329 2180 398 2232 sit,
422 2190 534 2221 tanta
564 2195 766 2222 memoria
796 2180 1112 2244 praeteritorum,
1148 2179 1464 2238 futurorumque
1485 2198 1532 2238 pr
1517 2183 1666 2226 uden-

136 2235 208 2289 tia,
231 2247 292 2279 tot
326 2248 444 2289 artes,
478 2247 602 2280 tantae
638 2236 840 2290 scientiae,
877 2238 939 2280 tot
975 2253 1045 2279 3333
1047 2248 1155 2289 enta,
1179 2253 1264 2279 nou
1287 2253 1359 2294 pos
1364 2253 1404 2280 56
1426 2255 1518 2281 eam
1538 2250 1662 2282 natu-

138 2309 241 2346 ram,
275 2310 369 2358 quae
391 2310 450 2337 res
471 2310 535 2337 635
558 2295 732 2358 contine
728 2306 782 2348 33,
806 2311 891 2337 6556
911 2295 1156 2337 mortalem
1144 2327 1157 2348 ,
1191 2298 1375 2360 cumque
1395 2312 1555 2354 semper
1575 2298 1664 2356 agi-

135 2361 244 2394 tetur
264 2368 444 2403 30333305,
466 2368 543 2394 3366
563 2352 816 2410 principium
839 2356 979 2395 motus
1001 2354 1165 2405 habeat,
1189 2369 1286 2410 quia
1305 2370 1346 2395 se
1380 2354 1465 2411 ipse
1484 2367 1663 2407 moreat,

136 2425 191 2452 ne
210 2409 337 2452 finem
358 2410 527 2466 quidem
547 2410 788 2452 habiturum
809 2427 867 2452 65·;
862 2427 895 2452 ·e
914 2414 1073 2475 motus,
1095 2411 1193 2469 quia
1211 2427 1426 2468 nunquam
1448 2430 1488 2454 56
1509 2413 1596 2470 ipse
1616 2415 1730 2458 53395

137 2466 378 2521 3613630305,
412 2477 466 2521 63,
500 2482 600 2510 cum
621 2468 798 2524 simplex
819 2468 948 2510 animi
968 2478 1113 2511 natura
1141 2478 1260 2519 esset,
1282 2485 1415 2526 neque
1437 2472 1461 2512 h
1468 2471 1630 2514 aberet
1622 2489 1665 2514 m

137 2539 180 2566 se
199 2525 429 2583 quidquam
451 2525 676 2589 admistum
695 2526 832 2590 dispar
851 2526 915 2569 sui
938 2536 1059 2590 atque
1080 2527 1291 2580 dissimile,
1312 2544 1398 2569 non
1420 2543 1536 2584 posse
1568 2545 1665 2572 eum

137 2581 293 2625 dividi·
281 2615 294 2636 ,
327 2583 461 2640 quod
457 2582 488 2624 53
508 2598 595 2625 non
612 2583 755 2639 possit,
778 2600 861 2626 33033
885 2600 1003 2640 posse
1024 2584 1210 2627 interire:
1244 2600 1480 2649 matrrioque
1501 2603 1586 2629 6556
1603 2603 1666 2629 ar-

137 2649 355 2712 gumentO,
380 2640 570 2682 homines
591 2655 694 2682 scire
714 2641 906 2699 pleraque
926 2645 1021 2684 3036
1054 2658 1183 2700 quam
1206 2643 1292 2684 nati
1309 2655 1407 2696 Sint,
1439 2645 1549 2701 quod
1578 2648 1662 2701 jam

139 2713 270 2763 pueri,
293 2713 394 2740 cum
416 2709 519 2740 artes
540 2698 725 2741 difficiles
755 2699 932 2752 discant,
965 2700 1021 2763 ita
1055 2699 1235 2742 celeriter
1257 2716 1317 2742 res
1349 2696 1668 2744 innumerabile>
1681 2713 1736 2748 30

137 2755 347 2820 arripiant,
366 2765 411 2797 ut
427 2770 494 2798 eas
512 2771 600 2801 33033
619 2765 710 2799 tum
726 2757 913 2814 primum
934 2756 1118 2815 accipere
1134 2756 1360 2811 videantur,
1383 2759 1452 2801 sed
1474 2761 1666 2802 reminis-

139 2812 194 2865 ci,
217 2823 257 2857 et
276 2813 494 2858 reeordari.

1381 2875 1531 2917 XXII.
1565 2877 1673 2919 Haec
