1872 3140
145 118 238 156 423

152 286 207 322 30
223 282 393 327 honeste
414 301 496 326 non
517 299 678 350 possum

160 972 164 974 ’
221 969 293 1023 git.

668 115 728 155 M.
762 114 966 156 TULLII
994 115 1303 159 CICERONIS

226 227 358 269 esses?
401 228 485 272 Sed
511 229 596 281 jam
625 238 777 282 stupra,
806 238 846 268 et
875 228 1027 282 flagitia
1058 229 1271 279 omittam,
1300 238 1393 272 sunt
1417 230 1607 299 quaedam
1640 244 1732 286 quae

223 343 432 390 admisisti,
449 356 539 396 quae
560 354 582 379 a
603 356 720 382 verec

698 285 862 382 dgeoez
890 297 934 326 tu
954 296 1090 326 autem
1110 288 1159 326 eo
1189 286 1367 336 liberior,
1397 285 1507 342 quod
1539 303 1583 329 ea
1616 288 1658 329 in
1689 298 1731 328 te

780 342 862 382 do
852 342 1018 382 mimico
1039 343 1176 384 audire
1205 358 1289 384 non
1309 358 1455 398 posses·

1528 344 1610 386 Sed
1638 345 1732 387 reli-

224 414 352 453 quum
385 400 476 438 vitae
506 413 667 439 cursum
701 398 861 439 videte:
893 414 1015 453 quem
1051 400 1217 464 quidem
1236 401 1419 442 celeriter
1437 403 1732 467 perstringam,

223 457 276 496 ad
307 457 395 497 haec
431 455 539 495 enirn
564 470 655 510 quae
684 455 728 496 in
747 455 853 496 civili
873 456 997 507 bello,
1028 457 1072 496 in
1091 457 1276 497 maximis
1295 457 1465 511 reipubl.
1487 458 1655 500 miseriis
1673 457 1734 500 fe-

222 513 293 561 cit,
325 523 367 553 et
395 513 445 552 ad
476 526 522 552 ea
552 526 642 580 quae
677 513 858 567 quotidie
888 512 998 562 facit,
1026 512 1189 555 festinat
1218 514 1398 554 animus.
1428 529 1519 568 quae
1548 526 1658 570 peto,
1684 526 1732 556 ut

152 573 203 610 35
223 581 456 623 quanquam
490 566 621 610 multo
649 570 808 610 notiora
827 571 954 620 vobis,

984 585 1107 625 quam
1127 570 1229 610 mihi
1256 578 1365 620 sunt,
1393 580 1547 621 tamen,
1571 582 1618 613 ut
1635 571 1733 614 faci-

223 626 286 671 tis,
315 627 466 666 attente}
487 626 681 676 audiatis3
712 627 832 669 debet
867 628 976 669 enim
1004 628 1151 669 talibus
1179 627 1225 669 in
1246 627 1364 669 rebus
1385 627 1560 669 excitare
1578 629 1732 671 aniinos

221 696 307 723 non
328 683 506 738 cognitio
537 681 668 730 solum
696 698 850 734 rerum,
880 686 951 726 sed
979 685 1102 726 etiam
1129 685 1381 734 recordatio;
1411 684 1568 727 tametsi
1590 685 1607 715 ⁴

1631 684 1735 727 inci-

220 740 362 781 damus
392 751 552 794 oportet
588 741 736 790 media,
755 756 807 782 ne
837 743 957 782 nimis
985 739 1076 783 sero
1106 742 1157 782 ad
1176 752 1358 782 extrema
1386 742 1606 783 veniamus.
1664 741 1733 783 In-

158 819 160 822 ·
220 797 343 838 timus
377 807 462 838 erat
490 798 532 838 in
564 799 771 839 tribunatu
791 798 953 847 Clodio,
983 799 1061 853 Qii
1079 814 1147 839 sua
1176 813 1271 854 erga
1295 813 1362 839 me
1396 798 1592 840 beneficia
1618 813 1733 840 com-

149 860 205 904 40
222 865 447 902 memor-am
497 854 580 906 ejus
618 856 803 897 omnium
840 856 1122 898 incendiorum
1160 854 1256 905 fax3
1305 856 1416 908 cujus
1453 856 1575 897 etiam
1621 854 1736 898 domi

223 911 417 976 quiddam
444 911 528 963 jam
559 921 648 952 tum
677 913 841 953 molitus
871 924 949 955 est:
978 913 1079 968 quid
1105 912 1254 962 dicam,
1282 912 1367 968 ipse
1396 909 1549 967 optime
1583 912 1735 954 intelli.-

351 969 453 1009 Inde
488 975 501 989 ²

218 1081 438 1123 rectissime
460 1081 592 1123 facere
612 1093 757 1137 posset.

536 969 618 1009 itur
647 970 941 1018 Alexandriam
971 981 1111 1011 contra
1130 968 1302 1011 Senatus
1322 970 1617 1019 auctoritatem,
1636 983 1736 1010 con*

221 1035 284 1065 tra
308 1026 563 1080 religionem3
600 1026 670 1067 sed
701 1027 872 1068 habebat
907 1029 1054 1069 ducem
1086 1025 1368 1076 Gabinium,‘

1393 1025 1558 1081 quicum
1577 1026 1735 1095 quidvis

819 1085 904 1140 Qui
925 1096 1014 1126 tum
1033 1084 1129 1124 inde
1147 1082 1316 1133 reditus,
1346 1095 1413 1124 aut
1434 1082 1592 1138 qualis?
1618 1081 1735 1139 prius

149 1142 199 1185 45
218 1139 264 1180 in
298 1140 482 1180 ultimam
515 1140 691 1180 Galliam
721 1155 773 1181 ex
798 1141 997 1197 AEgypto‚
1017 1156 1140 1195 quam
1159 1143 1353 1182 domum.
1383 1155 1473 1195 quae
1493 1151 1628 1182 autem
1645 1149 1734 1182 erat

219 1195 396 1238 domus?
426 1212 538 1238 suam
571 1198 680 1237 enim
715 1199 885 1253 quisque
917 1200 1084 1239 domum
1116 1209 1204 1239 tum
1233 1199 1455 1246 obtinebat,
1485 1211 1620 1254 neque
1647 1205 1734 1239 erat

220 1268 390 1308 usquam
423 1264 512 1295 tua.
540 1255 709 1295 domum
740 1255 862 1296 dico?
895 1256 993 1310 quid
1024 1266 1107 1297 erat
1140 1256 1184 1296 in
1212 1266 1343 1303 ωτι-ιε,
1373 1261 1391 1282 ⁶
1416 1255 1518 1296 ubi
1507 1268 1550 1298 m
1569 1263 1641 1297 tuo
1659 1268 1734 1308 pe·

220 1311 314 1352 dem
335 1325 519 1366 poneres,
534 1322 681 1365 praeter
696 1327 825 1352 unum
841 1313 1063 1361 Misenum,
1080 1313 1195 1367 quod
1214 1327 1308 1352 cum
1322 1311 1438 1352 sociis
1457 1322 1650 1370 tanquam
1665 1310 1735 1352 Si-

219 1382 411 1424 saponem
429 1370 616 1410 tenebas.
608 1369 623 1397 Ρ
653 1367 853 1410 Venisti
833 1384 856 1411 e
877 1366 1012 1411 Gallia
1029 1370 1081 1410 ad
1096 1380 1338 1425 quaesturam
1357 1368 1587 1424 petendam.
1645 1367 1736 1408 Au-

225 1595 240 1618 ‘1
251 1606 511 1648 praetereamus.
591 1603 605 1629 Ῥ
623 1598 703 1636 ivit.

265 1785 317 1814 38.
333 1783 453 1821 Indimus
467 1788 529 1814 erat
541 1784 571 1814 in
583 1783 731 1814 tribunam
748 1782 851 1813 Clodio.
857 1783 871 1822 ]
889 1786 953 1814 An-

224 1827 369 1858 toniusse
379 1825 497 1858 addixit
507 1826 618 1857 Clodio
628 1827 773 1857 Tribuno
782 1826 895 1875 plebis,
902 1828 955 1856 sed

224 1879 298 1900 cum
310 1868 428 1900 videret
440 1870 558 1901 multos
575 1871 602 1900 ei
617 1880 648 1900 es
652 1880 683 1900 se
695 1870 856 1905 inimicos,
866 1870 905 1917 ab
918 1879 956 1900 eo

225 1913 377 1950 discessit,
388 1919 419 1943 et
436 1914 467 1944 ir'i
485 1913 642 1943 Graeciam
660 1914 826 1952 naxigavit.

266 1956 318 1985 39.
330 1936 388 1986 2121·
399 1966 449 1986 sua
460 1967 528 1996 erga
539 1966 581 1985 me
592 1955 711 1995 benefici
714 1968 722 1984 ι
737 1960 940 1986 commemorat.
945 1957 956 1994 ]

224 2000 383 2029 Antonius
395 2009 452 2029 sua
465 2001 497 2029 in
513 2000 698 2029 Ciceronem
711 1999 866 2029 beneficia
881 2009 957 2038 prae-

225 2042 328 2072 dicare
338 2051 402 2072 non
414 2043 534 2079 debuit,
547 2042 571 2071 si
582 2043 713 2081 quidem
729 2042 841 2072 Clodio
854 2043 957 2072 infen-

224 2085 350 2115 sissimo
364 2084 433 2123 ejus
449 2086 582 2116 inimico
595 2095 627 2115 se
642 2084 795 2125 adjunxit.

266 2129 318 2157 40.
331 2128 407 2170 Ejus
416 2127 543 2157 omnium
555 2128 745 2157 incendiorum
752 2128 844 2168 f01.]
857 2129 956 2158 Anto-

223 2170 298 2201 nius
320 2171 375 2200 fax
401 2171 460 2201 fuit
484 2172 715 2205 incendiorum,
737 2181 809 2211 quae
826 2170 955 2200 Clodius

224 2214 381 2244 excitavit.
447 2215 506 2244 Per
538 2214 776 2244 translationem
808 2213 957 2252 intelligit

224 2258 332 2287 turbas
343 2264 374 2286 et
389 2256 567 2293 seditiones
581 2259 619 2287 ad
632 2267 710 2296 quas
722 2256 873 2287 Clodium
885 2259 955 2286 An-

225 2303 333 2330 tonius
349 2300 488 2339 impulit.

267 2344 315 2373 1¹0.
336 2342 424 2381 Cujus
438 2346 522 2374 elium
537 2342 635 2382 domi]
657 2343 814 2373 Antonius
838 2342 956 2373 Fulviae

226 2386 330 2419 Clodii
346 2387 456 2418 uxoris
472 2386 659 2426 pudicitiam
676 2386 819 2423 tentavit,
842 2395 954 2425 quam,

224 2436 353 2461 mortuo
366 2429 490 2468 Clodio,
502 2429 602 2460 duxit.

268 2474 319 2504 42.
332 2472 545 2504 A'examiriam.
548 2472 561 2513 ]
575 2473 816 2503 Commemorat
830 2481 875 2508 ea,
886 2482 957 2511 quae

225 2517 307 2546 facta
317 2523 392 2547 sunt
407 2525 466 2556 pro
479 2516 654 2546 Ptolemaeo
666 2516 794 2555 AEgypti
807 2525 887 2554 rege,
899 2516 957 2556 qui

224 2560 265 2589 ab
278 2560 497 2590 Alexandrinis
506 2559 624 2601 ejectus
637 2560 779 2589 Romam
789 2559 888 2594 venit,
899 2559 955 2588 ubi

225 2612 243 2632 a
259 2602 412 2642 Pompeio
427 2608 576 2643 exceptus
592 2609 665 2639 est‚·
674 2611 692 2631 a
715 2610 780 2641 quo
796 2601 929 2631 reduci
922 2611 956 2631 in

227 2655 361 2684 regnum
396 2646 678 2676 vehementissime
708 2645 871 2685 cupiebat;
903 2645 956 2674 sed

226 2698 273 2718 res
299 2689 489 2719 demandata
505 2689 566 2719 fuit
590 2688 739 2725 Gabinio,
761 2697 862 2729 quam
885 2697 957 2718 sua-

225 2732 319 2762 dente
342 2733 483 2763 Antonio
506 2739 616 2763 contra
632 2728 763 2763 senatus
785 2731 953 2762 auctorita-

226 2782 292 2804 tem
304 2776 451 2814 suscepit.

267 2818 312 2847 Ib.
331 2817 440 2848 Contra
451 2817 642 2858 religr'ſjnem]
664 2819 824 2849 Antonius
841 2817 873 2848 id
885 2826 954 2857 per-

225 2861 321 2892 suasit
338 2861 474 2892 Gabinio
487 2869 597 2893 contra
612 2862 810 2903 religionem,
821 2860 897 2901 quia
911 2860 956 2891 Si-

787 1596 800 1618 s
814 1610 972 1649 quocum.

1682 1425 1734 1466 de

1052 1603 1068 1624 ²
1085 1597 1185 1646 czy'us
1201 1609 1270 1634 non
1287 1597 1460 1648 arriperes
1472 1595 1733 1646 possessionem.

999 1783 1128 1822 byllinis
1144 1783 1279 1814 oraculis
1295 1783 1450 1822 scriptum
1461 1787 1540 1817 erat,
1555 1790 1597 1821 ne
1605 1789 1662 1810 rex
1675 1779 1734 1810 [Ἐ-

1000 1827 1127 1865 gyptius
1153 1835 1230 1856 curn
1257 1827 1398 1856 exercitu
1422 1824 1641 1861 reduceretu13
1664 1822 1732 1852 imo

1001 1868 1035 1899 ea
1052 1870 1089 1899 de
1118 1879 1149 1899 re
1174 1870 1297 1899 factum
1318 1869 1378 1900 fuit
1394 1866 1732 1902 senatusconsultum,

1002 1921 1066 1951 quo
1082 1913 1244 1942 decretum
1261 1918 1320 1948 est,
1335 1918 1372 1941 ut
1387 1909 1468 1941 nihil
1482 1916 1593 1940 contra
1608 1908 1733 1949 religio-

1001 1965 1075 1985 nem
1092 1955 1295 1985 oraculorum
1313 1954 1409 1984 fieret.

1042 1999 1093 2028 44.
1107 1998 1167 2028 Qui
1179 2002 1240 2027 lum
1254 1997 1320 2027 inde
1329 1997 1450 2028 reditus.
1452 1996 1467 2035 ]
1479 1995 1617 2027 Rediens
1631 1995 1732 2026 Anto-

1000 2042 1073 2071 nius
1084 2050 1125 2071 ex
1135 2041 1289 2081 AEgypto,
1300 2039 1365 2079 quo
1377 2049 1410 2070 se
1419 2048 1497 2070 cum
1509 2038 1646 2069 Gabinio
1655 2046 1735 2111 col}-

1001 2083 1175 2121 tulerat,nu
1182 2084 1265 2114 llum
1275 2084 1455 2114 amicorum
1465 2081 1578 2112 Romae
1584 2080 1672 2116 vidit,

1000 2127 1108 2157 statim
1123 2137 1156 2157 se
1170 2126 1307 2157 contulit
1318 2127 1358 2156 ad
1373 2125 1549 2156 Caesarem·
1542 2133 1575 2155 ιιι
1591 2122 1733 2154 Galliam

1001 2169 1256 2209 Transalpinam.

1042 2214 1094 2243 45.
1112 2213 1186 2242 Qum
1201 2216 1263 2242 erat
1277 2211 1377 2241 domus
1386 2209 1417 2251 ἓ]
1438 2209 1572 2240 Nullam
1595 2207 1733 2240 habebat

999 2256 1057 2285 sibi
1083 2256 1246 2294 propriam
1271 2255 1442 2290 Antonius,
1467 2253 1544 2295 quia
1563 2252 1634 2291 jam
1655 2251 1731 2282 ante

995 2299 1122 2338 juvenis
1131 2299 1308 2334 decoxerat,
1320 2297 1472 2337 expulsus
1484 2293 1615 2336 paterni
1623 2295 1734 2325 domo.

1043 2342 1095 2371 47.
1118 2341 1244 2382 Usquam
1260 2346 1320 2371 tua
1324 2339 1337 2382 ]
1357 2341 1479 2373 Iudicat
1490 2340 1616 2370 furtum
1625 2338 1734 2374 Amo-

1001 2385 1058 2422 nii,
1082 2385 1151 2424 qui,
1174 2391 1302 2415 mortuo
1318 2383 1483 2424 Pompeio,
1501 2383 1638 2414 domum
1659 2379 1733 2420 ejus

1024 2438 1072 2458 oss
1075 2429 1147 2459 edit.

1001 2437 1022 2468 p
1043 2472 1094 2500 48.
1126 2470 1238 2501 Proeter
1259 2480 1347 2500 unum
1372 2466 1546 2510 Misenum]
1570 2467 1734 2502 Praedium

1002 2523 1044 2544 un
1050 2524 1105 2544 um
1117 2514 1149 2544 in
1163 2511 1339 2553 Campania
1350 2513 1388 2543 ad
1402 2513 1566 2542 Misenum
1578 2511 1734 2541 Promon-

1001 2558 1131 2595 torium,
1156 2566 1251 2596 prope
1274 2558 1406 2592 Cumas,
1427 2554 1542 2586 habuit
1561 2552 1735 2592 Antonius,

1000 2601 1052 2631 sed
1068 2609 1245 2630 commune
1268 2610 1345 2630 cum
1361 2598 1430 2629 aliis
1446 2597 1587 2638 parasitis
1600 2595 1652 2627 vel
1666 2604 1734 2626 cre·

1000 2644 1152 2675 ditoribus
1174 2643 1253 2681 suis,
1275 2643 1333 2685 qui
1357 2648 1487 2684 partem·
1505 2640 1574 2680 eius
1594 2647 1732 2690 occupa·

999 2687 1089 2717 bant.

1040 2730 1086 2760 Ib.
1101 2726 1289 2777 Sisaponem]
1305 2729 1418 2769 Sisapo
1427 2727 1537 2759 civitas
1546 2732 1594 2757 est
1605 2725 1639 2756 in
1651 2723 1732 2756 His-

997 2770 1101 2813 pania,
1107 2782 1207 2812 quam
1219 2771 1264 2803 ait
1273 2771 1461 2803 Pliniuslib.
1472 2771 1525 2801 31.
1540 2778 1613 2819 cap.
1624 2768 1655 2798 ’1.
1666 2764 1732 2798 mi-

996 2816 1095 2848 niario
1111 2815 1243 2848 metallo
1266 2815 1443 2865 abundatia
1464 2823 1537 2860 quae
1555 2815 1733 2895 cumtegsaslet

1573 2863 1654 2887 vect
1707 2862 1734 2884 is
