1872 3135
172 147 251 192 με
622 144 688 192 M.
721 142 928 192 TULLH
961 140 1287 195 CICERONIS

235 263 352 306 Nam
372 264 470 306 curn
492 262 662 319 praemia
681 261 787 304 mihi
804 271 917 304 tanta
936 278 1008 319 pro
1028 264 1108 307 hac
1129 265 1328 308 industria
1357 264 1441 309 sint
1469 266 1576 319 data,
1600 275 1754 332 quanta

236 324 357 364 antea
385 321 542 363 nemini
563 338 572 361 ι
605 319 778 369 labores,
800 334 870 375 per
898 335 1001 377 quos
1022 337 1069 363 ea
1089 323 1257 377 ceperis,
1280 325 1378 366 cum
1403 324 1571 379 adeptus
1591 337 1662 377 εις,
1682 325 1755 367 ἀέ-

234 391 399 433 ponere,
421 388 526 418 esset
547 375 729 418 hominis
750 385 787 418 et
809 377 933 418 astuti
952 386 990 419 et
1009 377 1172 434 ingrati.
1234 381 1361 423 Quod
1384 382 1418 424 si
1437 381 1532 425 licet
1551 381 1751 434 desinere,-

235 433 266 476 si
303 444 341 476 te
370 444 533 475 auctore
561 447 745 488 possum,
779 433 811 474 si
831 434 946 476 nulla
965 433 1138 486 inertiae,
1160 436 1274 478 nulla
1301 439 1501 494 superbiae
1522 438 1750 495 turpitudo,

163 488 215 534 45
235 491 347 533 nulla
364 490 678 532 inhumanitatis
700 490 821 545 culpa
838 491 1072 547 suscipitur,
1085 507 1160 548 ego
1180 494 1274 535 vero
1289 494 1464 538 libenter
1479 496 1632 538 desino.
1674 496 1751 539 Sin

233 558 368 591 autem
392 547 486 604 fuga
507 546 670 599 laboris,
703 547 927 599 desidiam3
959 547 1184 604 repudiatio
1218 550 1468 606 supplicum,
1487 552 1717 608 superbiam
1737 569 1752 607 ς

236 606 464 647 amicorum
486 604 703 662 neglectiO,
727 605 1034 661 improbitatem
1056 605 1240 664 coarguit
1259 623 1266 648 :
1301 608 1502 650 nimirum
1522 611 1612 652 haec
1628 625 1751 653 causa

230 671 290 703 cst
311 662 566 719 hujusmodi,
584 678 709 720 quam
727 678 803 704 nec
824 663 1063 715 industrius,
1082 678 1157 705 nec
1175 663 1421 716 misericors,
1443 680 1519 707 nec
1541 666 1750 710 officiosus

229 719 407 761 deserere
427 719 569 774 possit.
631 721 773 776 Atque
792 721 963 778 hujusce
985 720 1040 762 rei
1057 721 1336 777 conjecturam
1354 722 1402 764 de
1418 731 1489 764 tuo
1510 721 1639 779 ipsius
1658 733 1748 766 stu·

160 786 214 820 50
229 776 312 829 dio,
331 776 459 829 Servi,
482 776 678 819 facillime
703 777 866 832 ceperis.
926 779 1044 820 Nam
1065 779 1098 819 si
1119 778 1192 820 tibi
1212 794 1377 820 necesse
1397 789 1514 835 putas
1534 779 1656 821 etiam
1679 782 1750 823 ad-

227 834 410 877 versariis
430 835 660 876 amicorum
682 843 847 876 tuorum
875 835 925 875 de
944 835 1038 892 jure
1057 835 1366 879 consulentibus
1389 838 1630 893 respondere
1645 852 1663 889 3
1691 846 1746 889 et,

225 890 259 932 si
277 900 392 947 turpe
412 890 636 943 existimas,
663 900 700 932 te
719 892 931 943 advocato,
955 892 1071 933 illum
1094 892 1247 948 ipsum,
1265 909 1387 950 quem
1411 904 1553 936 contra
1573 894 1746 948 ireneris,

220 957 235 975 ⁶
250 952 373 991 causa
389 950 529 991 cadere
548 966 556 991 ε
591 947 675 991 noli
697 957 782 991 tam
796 965 882 991 esse
899 948 1089 1006 injustus,
1108 958 1168 1001 ut,
1184 953 1284 992 cum
1314 952 1373 993 tui
1406 951 1539 993 fontes
1571 951 1632 993 vel
1663 951 1746 994 ini-

223 1005 344 1047 micis
383 1006 462 1048 tuis
484 1016 662 1063 pateant,
684 1015 844 1048 nostros
866 1006 1016 1048 rivulos
1037 1007 1161 1048 etiam
1183 1006 1328 1049 amicis
1345 1017 1462 1064 putes
1479 1009 1638 1050 clausos
1658 1023 1746 1051 esse

153 1075 206 1110 55
223 1072 421 1118 oportere.
482 1064 647 1106 Etenim
669 1062 702 1105 si
725 1079 792 1106 me
814 1073 884 1105 tua
904 1063 1156 1105 familiaritas
1177 1064 1227 1105 ab
1250 1065 1328 1107 hac
1346 1066 1470 1107 caus&
1490 1065 1743 1118 removisset,

222 1129 261 1166 et
277 1120 308 1162 si
333 1122 412 1162 boc
432 1120 541 1163 idem
562 1122 620 1164 Q.
645 1121 886 1173 Hortensio,
908 1122 969 1163 M.
995 1121 1146 1163 Crasso
1175 1121 1410 1164 clarissimis
1436 1122 1547 1176 viris,
1577 1122 1610 1164 si
1643 1122 1744 1166 item

222 1177 397 1230 caeteris,
417 1180 443 1220 ὲ.
461 1178 611 1235 quibus
631 1177 813 1236 intelligo
835 1187 949 1222 tuam
969 1178 1140 1235 gratiam
1162 1179 1302 1236 magni
1325 1179 1538 1232 aestimari,
1563 1179 1741 1222 accidis-

220 1247 307 1278 set:
341 1235 384 1278 in
417 1238 465 1278 ea
494 1236 654 1278 civitate
680 1235 823 1278 consul
856 1235 1089 1293 designatus
1109 1234 1364 1278 defensorem
1386 1252 1472 1278 non
1494 1237 1677 1288 haberet,
1697 1236 1743 1280 in

218 1295 301 1349 qua
320 1292 478 1335 nemini
499 1308 684 1351 unquam
706 1292 852 1335 infimo
871 1294 1047 1351 majores
1067 1292 1197 1335 nostri
1218 1302 1437 1348 patronum
1462 1295 1600 1336 deesse
1618 1293 1739 1335 volu-

148 1357 203 1397 60
218 1359 347 1393 erunt.
407 1351 497 1407 Ego
518 1352 628 1403 vero,
642 1350 820 1408 judices,
843 1350 928 1407 ipse
949 1366 1017 1392 me
1043 1351 1317 1392 existimarem
1337 1350 1555 1403 nefarium,
1576 1351 1609 1392 si
1628 1349 1737 1393 ami-

216 1422 293 1460 c03
326 1407 550 1460 crudelem,
565 1408 598 1450 si
612 1408 789 1459 miser0;
821 1408 1062 1463 superbum,
1076 1408 1110 1449 si
1127 1407 1288 1449 consuli
1309 1407 1545 1450 defuissem.
1578 1409 1737 1459 Quare,

216 1464 325 1522 quod
347 1464 530 1506 dandum
553 1474 612 1507 est
632 1464 842 1517 amicitiae,
866 1465 975 1522 large
996 1465 1157 1506 dabitur
1177 1467 1202 1506 ἐι
1222 1480 1289 1506 me
1306 1481 1319 1516 3
1351 1475 1397 1507 ut
1423 1477 1560 1507 tecum
1596 1478 1738 1522 agam,-

213 1522 343 1573 Servi,
366 1537 452 1563 non
472 1523 590 1563 secus
611 1537 658 1564 ac
679 1522 712 1563 si
731 1536 847 1563 meus
868 1537 973 1563 esses
994 1521 1127 1573 frater,
1150 1522 1221 1577 qui
1242 1520 1345 1562 mihi
1378 1531 1439 1564 est
1471 1522 1705 1564 carissimus
1719 1539 1734 1565 ε

210 1577 291 1620 isto
308 1579 350 1621 in
371 1579 463 1620 loco
484 1580 594 1637 quod
616 1578 882 1621 tribuendum
899 1588 958 1621 est
973 1578 1126 1629 officio,
1149 1577 1259 1630 fidei,
1282 1578 1484 1636 religioni,
1506 1579 1545 1620 id
1567 1579 1624 1621 ita
1643 1594 1735 1620 mo-

75 1676 84 1683 ,
144 1643 195 1684 655
211 1636 394 1688 derabor,
416 1646 462 1679 ut
479 1632 741 1679 meminerim
762 1651 830 1678 me
855 1646 998 1679 contra
1019 1635 1143 1680 amici
1164 1635 1362 1689 studium,
1386 1651 1459 1693 pro
1478 1635 1601 1679 amici
1623 1636 1733 1694 peri-

213 1693 306 1736 culo
322 1693 468 1737 dicere.

824 1818 992 1867 ‘perdere
1011 1818 1115 1855 litem.

208 1989 322 2021 Cicero
336 1996 468 2032 propter
484 1988 676 2022 defendendi
691 1990 832 2023 studium
848 1999 880 2023 et
898 1990 944 2023 la·
988 1998 1041 2023 aut
1057 1991 1112 2033 qui
1128 1990 1161 2021 in
1180 1990 1301 2032 judirio
1315 1991 1365 2033 jus
1389 1991 1545 2035 suggerit,
1559 1998 1615 2024 aut
1625 1992 1727 2024 amico

205 2032 300 2066 bores
315 2044 346 2065 se
360 2033 483 2065 factum
496 2034 669 2066 Consulem
684 2034 789 2066 fuisse.
988 2046 1076 2066 suam
1104 2035 1303 2078 praesentiam
1325 2037 1525 2075 commodat3
1547 2035 1612 2068 hic*
1623 2036 1726 2079 priori

251 2079 303 2109 48.
326 2079 426 2109 Astuti
443 2084 472 2109 et
485 2078 623 2121 ingrati]
677 2081 816 2110 Astutus
837 2087 868 2110 et
895 2079 944 2110 in·
989 2078 1222 2121 significatione
1235 2079 1379 2110 sumitur.

204 2128 316 2164 gratus
330 2131 388 2159 est,
413 2122 468 2163 qni
483 2122 657 2154 frustratur
671 2123 827 2165 populum
844 2124 941 2155 Rom.
1031 2127 1082 2155 52.
1109 2125 1202 2154 Quem
1226 2128 1330 2154 contra
1358 2122 1493 2162 veneris]
1530 2123 1655 2166 Nempe
1670 2123 1727 2153 ad-

204 2173 236 2197 et
252 2167 378 2198 tantum
393 2166 431 2197 ad
444 2174 569 2208 tempus
580 2166 626 2198 illi
637 2167 766 2200 inservit
779 2167 942 2198 commodi
985 2167 1160 2198 versarium
1197 2166 1290 2198 amici
1318 2167 1377 2204 tui,
1404 2174 1516 2197 contra
1538 2177 1633 2209 quem
1662 2166 1725 2199 alio

202 2210 251 2241 sui
267 2213 376 2242 causa:
401 2209 558 2252 affertque
571 2210 668 2252 ipsius
684 2210 817 2253 Sulpicii
833 2221 940 2242 exem·
985 2218 1141 2252 tempore,
1158 2210 1190 2241 in
1207 2210 1267 2242 alio
1280 2208 1402 2252 judicio
1420 2209 1551 2242 veneris.

202 2253 293 2295 plum
307 2253 348 2285 ad
364 2255 575 2285 excusandam
597 2254 814 2286 defensionem
839 2266 941 2293 suam,
1027 2256 1081 2286 53.
1106 2256 1211 2286 Fontes
1240 2255 1286 2285 vel
1319 2254 1448 2286 inimicis
1477 2254 1536 2285 mis
1569 2251 1721 2295 pateant]

200 2297 256 2339 qui
268 2296 512 2340 jurisconsultus
527 2307 610 2339 saepe
625 2298 816 2340 respondere
831 2298 939 2330 inimi·
984 2300 1066 2330 Tam
1081 2306 1187 2330 sancta
1208 2297 1270 2329 fuit
1294 2298 1377 2340 apud
1400 2297 1470 2329 illos
1495 2305 1617 2330 veteres
1640 2298 1722 2342 juris

199 2342 242 2372 cis
268 2342 331 2373 suis
345 2348 473 2373 tenetur
495 2343 532 2374 de
547 2342 632 2383 jure,
653 2352 709 2373 cur
725 2342 826 2385 igitur
841 2344 938 2374 etiam
982 2343 1148 2386 professio,
1166 2349 1202 2373 ut
1217 2353 1256 2373 ne
1269 2341 1397 2384 quidem
1413 2340 1549 2373 inimicis
1561 2342 1721 2384 juriscon-

200 2392 309 2417 oxator
317 2385 431 2418 amicos
440 2395 505 2417 non
516 2385 685 2418 defendet?
981 2386 1056 2419 sulti
1072 2396 1258 2429 responsum
1272 2393 1435 2428 negarent.

242 2431 296 2460 52.
321 2431 362 2462 Te
383 2429 546 2472 advocata]
594 2429 775 2462 Advocatus
804 2430 933 2467 dicitur,

808 2652 1089 2697 PARTITIO

248 2788 329 2824 Tres
346 2786 448 2824 habet
455 2794 586 2837 partes.
624 2792 683 2826 larn
697 2786 870 2824 Muraena
886 2799 955 2824 non
969 2795 1016 2823 est
1034 2786 1346 2836 mprehendendm.
1376 2780 1440 2823 2²*
1458 2786 1541 2824 Non
1558 2792 1607 2822 est
1618 2785 1708 2831 infe-

190 2841 268 2877 ‘rior
285 2841 446 2890 Suspicio
467 2840 652 2891 dignitate.
701 2844 764 2877 3²¹³
780 2841 864 2881 Non
881 2847 930 2876 est
949 2838 1101 2879 ambit-155
1119 2850 1206 2876 reus.
1556 2886 1685 2931 CON

1687 2908 1707 2922 O
