1872 3135
550 82 782 196 ORATlO
814 118 928 164 PRO
958 120 1008 164 L.
1040 117 1347 164 MURAENA

173 252 273 303 quae
286 235 450 280 ambae
441 252 486 279 m
507 205 725 280 consulatu
749 246 842 281 tum
862 238 1075 280 Muraenae
1097 236 1370 302 profuerunt.

173 297 242 338 tio·
269 294 471 347 muneriS,
509 311 605 352 qnze
639 305 679 338 et
701 310 868 338 rumore
887 296 1111 370 nonnullo,
1134 306 1175 338 et
1194 294 1341 338 studiis
1373 292 1721 350 sermonibusque

156 401 158 403 ‚
173 353 499 409 competitorum
531 363 738 396 creverat:

772 354 912 407 altera,
955 356 1066 412 quod
1102 354 1148 406 ii,
1185 369 1290 412 quos
1326 352 1371 396 in
1405 353 1637 408 provinma,
1672 365 1723 392 ac

173 411 395 468 legatione,
424 426 571 454 omnes
604 422 646 454 et
679 412 936 455 liberalitatis
967 424 1006 456 et
1032 412 1195 455 virtutis
1227 427 1314 454 suae
1346 419 1469 454 testes
1497 409 1719 460 habuerat,

118 496 120 498 ·
173 469 366 515 nondum
388 470 663 514 decesserant.

172 528 420 584 petiti-onem
442 528 673 571 reservavit

726 472 897 513 Horum
917 479 1143 528 utrumque
1162 470 1199 512 ei
1220 469 1388 512 fortuna
1407 469 1457 511 ad
1479 467 1722 510 consulatus

736 530 854 571 Nam
893 530 1004 571 etL.
1030 527 1194 570 Luculli
1217 527 1437 578 exercitu,
1460 526 1533 583 qui
1570 526 1618 568 ad
1650 525 1714 568 tri
1732 530 1788 565 30

172 586 388 641 umphum
407 596 672 639 convenerat,
691 585 803 628 idem
819 601 959 629 comes
977 587 1024 628 L.
1044 587 1255 627 Mniaenae
1273 587 1425 641 praesto
1436 584 1537 627 fuit.
1572 593 1612 626 et
1627 599 1724 626 rnu-

170 657 253 685 nus
275 644 602 700 amplissimum,
624 645 738 702 quod
772 657 831 700 pe
843 643 918 685 itio
951 645 1147 686 Praeturae
1167 644 1235 685 des
1241 642 1436 695 iderabat,
1459 652 1638 698 praetura
1658 657 1724 684 re-

173 700 322 745 stituit.
356 703 481 745 Num
498 702 570 745 tibi
591 703 684 743 haec
702 716 844 758 parva
837 700 1030 742 videntur
1051 701 1292 758 adjumenta
1308 712 1347 742 et
1368 702 1552 742 subsidia
1573 716 1727 742 consu-

172 758 281 802 latus
301 761 315 802 ?
351 760 542 802 voluntas
563 758 782 802 militum?
817 773 913 815 quae
934 773 1032 800 cum
1053 774 1124 814 per
1141 774 1182 799 se
1202 759 1308 801 valet
1329 759 1612 810 multitudine,
1634 768 1726 800 tum

174 819 282 874 apud
307 833 402 860 suos
423 817 579 875 gratia3
614 826 705 858 tum
730 818 824 859 vero
845 832 888 859 in
920 817 1093 858 consule
1122 817 1370 859 declarando
1392 816 1574 859 multum
1598 817 1788 859 etiamss

173 877 319 934 apud
307 875 545 917 universum
567 874 773 932 populum
793 876 916 918 Rom.
947 875 1203 917 auctoritatis
1234 876 1360 917 habet
1380 874 1620 932 suffragatio
1637 874 1721 916 1111-

171 925 329 976 litaris:

173 990 415 1056 interpretes
431 991 686 1049 deliguntur.

171 1049 396 1092 recreavit.
428 1065 498 1092 me

173 1107 464 1150 contulimus:

364 930 635 989 imperatores
669 948 784 976 emm
817 932 1001 975 comitiis
1030 933 1337 986 consularibus,
1361 940 1484 975 non²

751 991 895 1035 Quare
915 991 1048 1048 gravis
1070 1001 1131 1033 est
1152 990 1221 1033 illa
1241 993 1403 1034 oratio:

534 1045 677 1106 praeda
711 1050 904 1092 donavit:
941 1050 1021 1091 hoc
1053 1050 1158 1091 duce
1180 1059 1312 1092 castra
1331 1049 1538 1106 cepimus,
1562 1050 1576 1073 ¹³
1606 1050 1727 1112 signa

499 1123 719 1166 nunquam
737 1108 813 1150 iste
835 1109 926 1164 plus
947 1107 1071 1150 militi
1093 1107 1274 1150 laboris
1267 1108 1483 1165 imposuit,
1501 1124 1631 1166 quam
1646 1106 1793 1149 ,5111140

172 1166 356 1222 sumpsit
374 1167 490 1223 ipse·
477 1198 490 1219 ,
525 1182 626 1209 cum
641 1165 774 1218 fortis,
792 1175 885 1207 tum
902 1166 1026 1208 etiam
1047 1166 1162 1209 feliX.

1503 949 1517 974 1
1507 912 1725 996 ‘ferbornm

1439 992 1516 1034 Me
1533 990 1724 1033 saucium

1225 1168 1326 1209 Hoc
1342 1167 1493 1230 quanti
1506 1176 1624 1222 putas
1639 1181 1728 1208 esse

172 1224 222 1266 ad
245 1223 403 1267 famam
423 1225 668 1277 hominum,
691 1240 738 1266 ac
771 1224 1062 1267 voluntatem?
1099 1225 1256 1267 etenim
1281 1225 1314 1267 si
1349 1234 1464 1268 tanta
1484 1224 1566 1266 illis
1589 1225 1725 1267 comi-

114 1335 120 1343 ‚
173 1282 243 1324 tiis
269 1282 414 1338 religio
448 1293 525 1336 est,
562 1292 609 1325 ut
634 1283 771 1325 adhue
808 1298 971 1339 semper
1002 1299 1130 1325 omen
1164 1283 1337 1326 valuerit
1372 1283 1724 1342 praerogativum·
1712 1316 1725 1336 ,

174 1341 276 1398 quid
313 1341 468 1384 mirum
492 1351 568 1394 est,
591 1341 636 1383 in
658 1342 740 1383 hoc
762 1340 969 1383 felicitatis
991 1343 1150 1406 famarn
1172 1357 1493 1407 sermonemque
1513 1341 1723 1384 valuisse?

175 1400 257 1442 Sed
279 1399 312 1441 si
348 1401 440 1442 haec
460 1400 615 1443 leviora
635 1400 769 1457 ducis,
793 1415 888 1457 quae
923 1410 1020 1442 sunt
1041 1399 1302 1457 gravissima,
1325 1410 1364 1442 et
1386 1402 1496 1442 hanc
1519 1400 1794 1442 urbanam&

175 1457 516 1516 suffragationem
538 1458 710 1500 militari
730 1457 978 1515 anteponis,
1002 1458 1300 1501 noliludorum
1318 1459 1443 1516 hujus
1461 1459 1726 1516 elegantiam,

175 1524 217 1558 et
237 1531 375 1558 scenae
410 1516 767 1580 magnificentiam
799 1516 918 1558 valde
953 1527 1238 1570 contemnere,
1261 1533 1357 1574 quae
1380 1517 1478 1559 huic
1497 1518 1729 1559 admodum

177 1573 439 1631 profuerunt.

501 1576 617 1618 Nam
659 1574 759 1632 quid
781 1589 857 1631 ego
880 1574 1019 1617 dicam
1042 1575 1248 1648 populum
1273 1585 1357 1618 acc
1378 1576 1527 1633 vulgus
1558 1575 1730 1632 imperi-

176 1643 318 1675 torum
355 1632 463 1674 ludis
498 1633 750 1689 magnopere
780 1632 1004 1675 delectari?
1041 1636 1186 1676 minus
1209 1649 1249 1674 e
1235 1644 1274 1675 1
1291 1624 1558 1676 mirandum:

1593 1649 1730 1691 quan-

124 1732 132 1737 t
175 1705 320 1755 quam
340 1690 440 1732 huic
481 1703 620 1732 causae
655 1690 752 1732 ,53115
793 1701 880 1744 est3
915 1700 1013 1733 sunt
1048 1692 1163 1733 enim
1199 1691 1341 1748 populi
1377 1707 1425 1734 ac
1446 1684 1799 1734 multitudinis-50

178 1748 364 1792 comitia.
398 1750 543 1794 Quare
557 1749 591 1792 si
607 1748 763 1806 populo
782 1747 979 1791 ludorum
998 1750 1315 1807 magnificentia
1329 1766 1350 1792 v
1355 1750 1529 1808 olnptati
1548 1766 1588 1793 es
1574 1760 1624 1803 1,
1642 1766 1733 1794 non

229 1897 246 1918 ²
260 1906 330 1931 non
336 1893 562 1943 jurisperiti.

221 2017 276 2047 25.
298 2015 482 2056 Expectatio
510 2013 666 2057 muneris]
685 2011 778 2046 Favit
807 2017 933 2047 Murae-

175 2070 225 2092 nae
242 2060 396 2092 ludorum
412 2060 618 2102 expectat103
643 2067 679 2090 ut
701 2059 790 2091 enim
814 2059 848 2091 in
857 2059 933 2091 ‘ho-

173 2116 290 2137 norem
301 2105 467 2147 Apollinis
480 2103 796 2136 munificentissimds
806 2104 838 2136 in
847 2106 935 2136 Prae-

176 2151 249 2182 tura
265 2149 411 2188 dederat,
429 2150 475 2181 ita
486 2150 567 2181 tales
589 2149 628 2180 ab
645 2160 684 2180 eo
700 2149 735 2180 in
752 2150 934 2180 Consulatu

177 2197 197 2226 a
212 2194 307 2237 plebe
323 2195 586 2238 expectabantur,
608 2205 681 2237 quae
708 2194 844 2226 virtutes
866 2194 936 2237 ejus

178 2239 374 2271 celebrabat.

224 2288 276 2316 28.
285 2283 476 2326 Leg’atione.]
494 2283 580 2315 Cum
592 2283 734 2315 Lucullo
747 2283 873 2326 legatus
886 2295 934 2314 es-

177 2335 226 2360 set
242 2330 407 2366 Muraena,
420 2327 518 2360 multi
534 2328 596 2370 ipsi
620 2328 785 2366 favebant,
801 2329 934 2360 virtutis
964 2340 967 2341 ⁷

179 2373 247 2415 ejus
263 2380 372 2410 tester„
390 2373 446 2416 qui
463 2374 608 2404 nondum
635 2373 675 2405 ab
699 2374 780 2405 urbe
797 2374 831 2404 in
856 2385 933 2416 pro-

178 2418 320 2449 vinciam
344 2419 555 2457 decesserant,
584 2422 602 2448 a
626 2422 688 2460 qua
705 2418 882 2457 redierant,
898 2425 935 2450 ut

178 2462 311 2494 Luculli
327 2461 532 2506 triumphum
549 2463 770 2494 honestarent.

225 2509 280 2539 229.
300 2507 526 2550 Decesserant]
543 2509 591 2539 Ex
605 2509 740 2540 civitate
755 2508 914 2540 Roman-a.

226 2552 275 2584 lb.
304 2552 354 2582 Ad
383 2552 557 2583 consulams
586 2554 760 2593 petitionem
801 2562 935 2583 reserva-

178 2597 246 2636 vit.]
294 2596 387 2628 Tum
424 2597 453 2628 ei
492 2598 651 2629 exercitus
683 2597 828 2634 Luculli,
865 2605 937 2628 tum

159 2640 339 2675 -memoria
377 2640 528 2673 ludorum
565 2652 646 2684 quos
678 2642 869 2673 exhibuerat
905 2641 938 2672 in

180 2688 338 2724 Praetura,
353 2685 548 2729 profuerunt
571 2687 613 2717 ad
641 2687 837 2719 Consulatus
853 2685 938 2728 peti-

162 2752 166 2756 ·
182 2731 318 2764 tionem.

226 2780 280 2810 82.
311 2775 401 2814 Quod
421 2775 528 2815 petilio
560 2775 712 2806 Praeturae
741 2775 940 2813 desiderabat,

183 2820 263 2870 hcc]
295 2822 372 2853 Non
410 2818 502 2851 ludos
545 2820 699 2852 Muraena
737 2820 942 2855 exhibuerat,

180 2874 257 2897 cum
301 2865 342 2898 ab
388 2875 429 2898 eo
475 2865 622 2897 Psaetura
659 2864 844 2908 petebatu·‚
890 2864 942 2898 *vel

625 1891 642 1916 b
659 1893 897 1931 commisimus
903 1893 1085 1944 praelz'um.

1081 1836 1098 1850 ἱ

1141 1898 1156 1917 c
1174 1895 1377 1945 imperitam
1396 1893 1670 1931 multitudinem.

977 2012 1052 2045 cum
1080 2013 1203 2046 AEdilis
1233 2023 1323 2054 erat3
1356 2014 1417 2048 hos
1446 2022 1557 2047 autem
1584 2014 1675 2047 dedit
1702 2014 1735 2047 in

979 2060 1135 2090 Praetura.

1025 2108 1077 2135 38.
1098 2103 1212 2134 Gravis
1223 2108 1267 2134 est
1283 2104 1337 2136 illa
1354 2105 1462 2136 oratio.
1467 2103 1479 2147 ]
1506 2103 1652 2135 'Multam
1667 2103 1735 2135 vim

978 2148 1076 2180 habet
1093 2149 1161 2180 haec
1178 2148 1296 2186 oratio,
1312 2161 1385 2192 quae
1401 2158 1518 2191 nempe
1536 2149 1574 2180 ab
1588 2160 1736 2191 unoquo-

980 2205 1042 2236 que
1055 2193 1159 2225 milite
1175 2194 1212 2223 de
1229 2204 1287 2224 suo
1300 2195 1381 2227 duce
1397 2194 1548 2232 habetur,
1567 2201 1600 2224 et
1624 2193 1656 2224 in
1673 2205 1736 2236 qua

978 2233 1075 2270 multi
1092 2248 1352 2271 commemorant
1378 2239 1457 2282 quid
1474 2239 1514 2269 ab
1531 2250 1569 2270 eo
1583 2237 1737 2270 obtinue-

978 2284 1057 2321 rint,
1073 2284 1235 2326 quidemn
1249 2296 1287 2315 eo
1303 2284 1433 2327 gesserit
1427 2292 1473 2315 ι.11

1022 2330 1075 2358 42.
1106 2329 1148 2358 Ac
1166 2328 1374 2372 voluntatem]
1406 2330 1451 2359 Ea
1472 2335 1641 2360 enumerat
1665 2338 1736 2369 quae

977 2373 1017 2404 ad
1033 2372 1239 2405 voluntatem
1256 2374 1318 2405 sibi
1334 2372 1571 2405 conciliandam
1595 2371 1739 2403 rnilitum

978 2417 1206 2461 potentissima
1233 2426 1319 2457 sunt,
1345 2430 1418 2462 quae
1444 2419 1483 2450 de
1509 2416 1652 2460 Sulpicio
1673 2416 1736 2448 dici

978 2473 1044 2494 non
1061 2470 1206 2505 possunt.

1023 2508 1076 2538 43.
1097 2508 1193 2538 Omen
1202 2508 1449 2549 praerogativum.
1453 2506 1466 2550 J
1478 2506 1642 2538 Centuriae
1655 2517 1740 2548 prae-

980 2552 1136 2603 rogativ2e
1158 2551 1364 2590 dicebantur,
1396 2564 1467 2594 quae
1500 2559 1586 2582 sorte
1613 2551 1738 2582 eductae

981 2607 1099 2640 primu
1095 2608 1123 2626 11
1147 2598 1374 2638 rogabantur3
1396 2606 1507 2638 eaeque
1531 2595 1621 2628 velut
1643 2606 1739 2627 omen

981 2641 1193 2673 comitiorum
1223 2642 1369 2679 fuerunt,
1399 2653 1454 2683 qui
1447 2648 1474 2671 :a
1501 2652 1582 2683 saepe
1606 2639 1742 2684 reliquae

982 2687 1165 2730 primarum
1185 2686 1339 2729 suffragia
1356 2685 1583 2727 sequebantur.
1619 2696 1625 2699 “

1029 2730 1082 2762 47
1107 2731 1152 2761 Et
1181 2741 1277 2762 scena·
1299 2729 1582 2773 magng'fz'cenliarn]
1607 2730 1745 2773 scenam·

983 2775 1073 2807 illam
1101 2786 1197 2817 quam
1226 2774 1322 2818 paulo
1344 2777 1420 2817 post
1435 2784 1626 2826 argenteam
1643 2774 1740 2807 fnisse

984 2821 1091 2857 dicet3
1115 2820 1207 2861 cujus
1231 2829 1329 2852 ctu-m
1355 2820 1504 2852 meminit
1523 2819 1661 2858 Plinius,
1685 2818 1744 2851 lib.

986 2865 1039 2896 33.
1056 2875 1126 2906 cap.
1143 2866 1173 2894 3.

1111 2921 1136 2948 o
1175 2915 1199 2947 2
1684 2912 1748 2949 e'st

1709 119 1793 161 165

1404 249 1504 288 una,
1527 242 1718 291 expecta·
1733 238 1789 275 25
