1872 3140
100 161 182 196 514
613 152 676 194 M.
707 148 914 193 TULLII
946 148 1270 194 CICERONIS
1324 196 1327 200 ,

231 265 336 308 VII.
371 267 430 308 At
458 265 658 307 memoria
695 264 920 306 minuitur:
973 263 1109 316 credo,
1140 263 1219 306 nisi
1262 277 1353 305 eam
1381 277 1584 316 exerceaS,
1624 274 1695 308 aut

174 322 209 365 si
231 323 283 364 sis
304 326 449 364 natura
470 321 632 364 tardior.
692 321 991 364 Themistocles
1007 320 1196 363 omnium
1219 319 1372 363 civium
1398 322 1569 364 nomina
1599 337 1692 384 per-

175 390 361 435 ceperat:
394 394 496 420 num
528 379 650 436 igitur
689 379 861 420 censetis
892 394 1004 430 eum,
1042 381 1140 419 cum
1171 387 1288 419 aetate
1326 379 1599 432 processisset,
1623 393 1693 435 qut

173 437 375 478 Aristides
390 444 508 500 esset,
528 415 828 493 Lysimachum
848 435 1018 477 salutare
1036 435 1232 476 solitum?
1268 434 1473 490 Equidem
1493 451 1579 479 non
1598 452 1694 478 mo-

135 491 159 526 5
175 493 229 535 do
247 508 314 534 eos
335 492 448 544 novi,
470 509 541 550 qul
561 503 685 534 sunt·
673 525 685 545 ,
720 493 787 534 sed
813 507 953 534 eorum
989 501 1118 547 patres
1149 492 1287 542 etiam,
1310 501 1349 532 et
1379 506 1500 533 avos:
1533 508 1610 535 nec
1629 508 1694 534 se-

174 551 334 613 pulcra
348 551 483 607 legens
512 565 664 602 vereor,
691 549 825 613 (quod.
851 550 1002 602 aiunt,)
1044 564 1095 590 ne
1128 547 1371 590 memoriam
1404 548 1597 604 perdam·
1585 581 1598 602 ,
1630 549 1696 591 his

175 621 288 648 cmm
324 586 421 662 ipsis
451 606 630 664 legendis
669 607 785 648 redeo
816 621 859 648 in
893 605 1136 648 memoriam
1165 615 1451 647 mortuorum:
1497 621 1574 647 nec
1603 609 1703 649 verb

174 678 426 719 quemquam
447 679 594 705 senum
614 663 748 705 audivi
768 664 960 715 oblitum,
982 679 1063 719 quo
1085 663 1176 704 loco
1197 664 1434 704 thesaurum
1468 663 1693 705 obruisset:

175 735 332 770 omnia,
363 735 457 776 quae
506 731 665 784 curant,
715 721 1023 772 meminerunt3
1064 720 1298 761 vadimonia
1342 719 1591 771 constituta3
1625 720 1699 777 qui·

112 776 271 828 lOsibi,
296 777 446 834 quibus
477 777 554 833 ipsi
583 778 768 820 debeant.
830 778 945 820 Quid
975 776 1299 819 Jtirisconsulti?
1333 776 1430 832 quid
1449 776 1692 819 Pontifioes?

177 833 274 891 quid
296 836 517 899 Augures
505 870 512 877 .
552 835 647 897 quid
672 833 1070 889 Philosophisenes?
1107 850 1231 891 quam
1246 833 1376 875 multa
1390 832 1693 876 meminerunt?

175 901 348 935 manent
367 891 531 948 ingenia
549 891 731 942 senibus,
751 892 878 933 modo
909 900 1143 954 permaneat
1181 891 1379 954 studium,
1403 900 1443 932 et
1472 890 1694 933 industria:

177 963 253 990 nec
274 963 320 990 ea
341 927 506 991 solum
499 964 539 990 m
561 949 678 990 claris
700 958 738 990 et
759 948 967 990 honoratis
988 962 1098 999 viris,
1129 949 1196 989 sed
1230 947 1273 989 in
1300 947 1383 989 vita
1401 947 1524 989 etiam
1544 947 1700 1002 privata.

177 1015 217 1053 et
235 1005 386 1070 quieta.
460 1006 685 1060 Sophocles
716 1005 766 1046 ad
802 1020 1007 1047 summam
1041 1014 1291 1047 senectutem
1325 1004 1542 1068 tragoedias
1571 1004 1694 1047 fecit:

114 1067 161 1101 15
179 1078 250 1118 qui
270 1071 432 1118 propter
461 1063 643 1105 studium
675 1078 774 1104 cum
810 1078 895 1103 rem
930 1061 1171 1104 familiarem
1201 1061 1404 1118 negligere
1437 1061 1687 1113 videretur,
1673 1077 1700 1104 a

176 1119 271 1161 filiis
302 1121 343 1161 in
370 1119 577 1176 judicium
607 1129 775 1161 vocatus
809 1130 897 1161 est:
929 1129 991 1170 ut,
1027 1119 1378 1183 quemadmodum
1415 1128 1554 1160 nostro
1583 1133 1699 1160 more

174 1176 284 1218 male
320 1192 405 1218 rem
432 1176 669 1248 gerentibus
700 1176 882 1232 patribus
921 1175 1040 1217 bonis
1071 1176 1255 1217 interdici
1291 1176 1445 1217 solent.
1479 1175 1537 1217 sic
1562 1174 1697 1227 illum,

177 1248 278 1289 qua=
282 1234 294 1274 i
316 1232 599 1288 desipientem,
622 1236 646 1275 ὲ
665 1248 705 1275 re
733 1233 920 1275 familiari
943 1242 1194 1274 removerent
1209 1233 1380 1289 judices.
1438 1233 1550 1274 Tum
1573 1247 1699 1275 senex

176 1291 326 1332 dicitur
374 1304 462 1331 eam
505 1290 700 1340 fabulam,
740 1305 867 1346 quam
911 1288 954 1330 in
993 1289 1185 1331 manibus
1216 1290 1407 1341 habebat,
1438 1298 1478 1330 et
1511 1289 1696 1353 proxime

108 1350 164 1384 220
176 1347 403 1403 scripserat,
426 1347 635 1402 OEdipum
672 1347 907 1389 Coloneum
938 1346 1127 1388 recitasse
1151 1346 1376 1410 judicibus,
1405 1347 1695 1409 quaesisseque,

175 1419 276 1446 num
312 1403 410 1446 illud
453 1415 617 1447 carmen
646 1403 881 1459 desipientis
915 1403 1142 1445 videretur:
1176 1418 1258 1459 quo
1288 1403 1469 1454 recitato,
1488 1402 1699 1465 sententiis

165 1461 359 1519 judicum
393 1469 455 1501 est
482 1460 685 1503 liberatus
743 1463 863 1502 Num
886 1460 1008 1517 igitur
1028 1461 1156 1511 hunc,
1180 1475 1282 1501 num
1317 1461 1571 1512 Homerum,
1592 1474 1697 1502 num

174 1519 425 1569 Hesiodum,
448 1532 553 1559 num
583 1517 858 1569 Simonidem,
891 1533 993 1559 num
1015 1517 1313 1568 Stesichorum,
1336 1532 1454 1579 num,
1478 1531 1581 1580 quos
1601 1519 1696 1559 ante

173 1576 274 1627 dixi,
317 1576 555 1626 Isocratem,
591 1575 806 1632 Gorgiam,
839 1590 942 1616 num
978 1574 1332 1630 philosophorum
1369 1573 1587 1630 prineipes,
1620 1575 1698 1630 Py-

105 1637 158 1670 95
174 1633 404 1689 thagoram,
420 1612 729 1688 Democritum,
752 1647 855 1673 num
887 1632 1114 1685 Platonem,
1136 1646 1239 1673 num
1279 1633 1575 1682 Xenocratem,
1592 1645 1698 1672 num

175 1691 317 1745 postea
347 1691 577 1741 Zenonem,
619 1690 883 1740 Cleanthem,
916 1698 985 1730 aut
1014 1703 1127 1740 eum,
1160 1703 1282 1750 quem
1314 1702 1384 1728 vos
1405 1688 1527 1729 etiam
1551 1689 1700 1730 Romae

173 1746 346 1797 vidistis,
369 1746 604 1809 Diogenem
625 1747 830 1795 Stoicum,
849 1745 985 1802 coegit
1006 1746 1045 1787 in
1069 1745 1151 1786 suis
1174 1744 1316 1787 studiis
1335 1745 1616 1786 obmutescere
1631 1759 1696 1786 se-

174 1813 319 1845 nectus
343 1805 357 1845 ?
391 1818 444 1845 an
478 1816 563 1845 non
593 1819 637 1844 m
669 1778 865 1845 omnibiis
905 1803 953 1844 iis
985 1803 1212 1844 studiorum
1233 1801 1398 1858 agitatio
1418 1801 1512 1843 vitae
1529 1801 1698 1857 aequalis

174 1860 282 1902 fuit
272 1875 283 1902 r
320 1862 426 1916 Age,
449 1871 495 1902 ut
514 1860 592 1902 ista
611 1861 748 1902 dixina
763 1860 896 1902 studia
914 1859 1171 1923 omittamus,
1204 1873 1372 1914 possum
1403 1861 1617 1901 nominare
1647 1873 1699 1901 ex

107 1922 162 1955 30
176 1933 270 1974 agro
309 1918 462 1960 Sabino
492 1918 665 1960 rusticos
695 1920 905 1959 Romanos
943 1917 1099 1958 vicinos
1136 1916 1352 1958 familiares
1381 1930 1512 1967 meOS,
1548 1915 1714 1971 quibus‘

176 1975 431 2026 absentibus,
454 1990 669 2031 nunquam
699 1974 780 2016 fere
812 1989 851 2015 ιι
843 1975 894 2015 'la
926 1975 970 2015 in
1000 1989 1095 2031 agro
1125 1974 1282 2030 majora
1305 1987 1432 2036 opera
1468 1973 1589 2023 fiunt,
1611 1988 1698 2015 non

176 2032 370 2082 serendis,
390 2046 474 2094 non
507 2031 793 2086 percipiendiS,
815 2046 899 2073 non
935 2032 1157 2072 condendis
1196 2029 1425 2072 fructibus·
1460 2043 1698 2093 quanquam

178 2088 221 2130 in
241 2088 334 2130 illis
342 2087 483 2130 minus
504 2089 582 2129 hoc
599 2104 781 2130 mirum:
814 2104 937 2130 nemo
954 2088 1064 2129 enim
1086 2100 1147 2129 est
1177 2097 1261 2129 tam
1299 2101 1436 2137 senex,
1455 2101 1526 2142 qui
1556 2101 1598 2128 se
1624 2101 1698 2128 an-

178 2160 283 2187 num
302 2160 387 2186 non
407 2156 522 2208 putet
535 2160 652 2200 posse
671 2161 694 2184 ι
699 2161 736 2185 u
739 2160 828 2187 ere
863 2147 928 2186 sed
946 2144 1070 2187 iidem
1086 2144 1318 2186 elaborant
1310 2159 1352 2185 in
1366 2143 1439 2196 eis,
1451 2157 1546 2200 quae
1559 2143 1697 2185 sciunt

109 2207 162 2242 35
178 2202 280 2244 nihil
302 2201 475 2244 omnino
492 2203 539 2243 ad
563 2217 603 2243 se
623 2202 836 2258 pertinere:

384 2278 478 2313 Seril
496 2278 645 2321 (17··,bmcs
661 2292 693 2327 q.
696 2290 734 2314 ,ιε-ς
751 2279 856 2315 alleri
874 2290 931 2314 δας(
919 2278 995 2313 vlo
1010 2278 1167 2325 prosint,

176 2355 224 2387 ut
243 2345 298 2388 ait
328 2343 482 2387 Statius
514 2354 650 2387 noster
686 2344 729 2386 in
760 2346 815 2402 S)
820 2344 1035 2407 nephebiS.
1093 2344 1187 2386 Nec
1212 2345 1305 2386 νειὸ
1325 2341 1484 2385 dubitet
1504 2342 1694 2400 agtIcola,

177 2400 366 2459 quamtis
386 2415 529 2454 senex,
551 2400 764 2465 quaerenti,
797 2416 863 2443 cur
903 2411 1021 2452 serat,
1051 2401 1308 2456 respondere,
1354 2400 1449 2442 Diis
1479 2399 1696 2442 immorta-

178 2460 302 2511 libus,
326 2458 394 2516 qui
417 2473 483 2500 me
504 2473 589 2500 non
611 2473 792 2514 accipere
807 2459 933 2501 modo
953 2459 1082 2500 haec
1065 2475 1089 2500 a
1110 2457 1334 2514 majoribus
1364 2457 1596 2510 voluerunt,
1628 2457 1701 2499 sed·

107 2530 163 2564 40
178 2518 300 2558 etiam
321 2515 489 2571 posteris
510 2516 691 2571 prodere.

232 2575 356 2615 VIII.
389 2573 545 2614 Melius
577 2571 772 2614 Caecilius
804 2573 852 2613 (le
873 2586 967 2614 sene
983 2570 1095 2614 alteri
1113 2571 1248 2614 seculo
1262 2571 1549 2629 prospiciente,
1568 2571 1696 2629 quam

176 2630 275 2674 illud
292 2629 430 2672 idem:

383 2719 542 2769 AEdepol
556 2727 719 2763 senectus,
740 2720 772 2755 si
788 2719 880 2756 nihil
898 2719 1090 2768 quidquam
1109 2719 1214 2756 aliud
1229 2720 1314 2756 vitii

383 2773 559 2820 Apportes
577 2780 699 2813 tecum,
721 2770 799 2807 cu'm
815 2771 962 2808 advenis
976 2786 989 2814 ;
1015 2785 1118 2808 unum
1132 2772 1175 2807 id
1191 2780 1245 2808 sat
1258 2780 1316 2815 esi,

385 2823 490 2861 Qudd
508 2824 572 2861 dia
592 2822 755 2867 viz-endo,
772 2824 881 2861 multa
895 2835 970 2873 quae
988 2837 1053 2862 non
1071 2824 1140 2861 volt
1154 2823 1263 2862 videt,

1642 2875 1697 2917 Et
