1872 3135
485 144 712 204 oRArio
745 158 813 201 IN
846 157 904 200 o.
940 130 1285 217 CAECILIUM.

87 274 623 333 commiserari,'conqueri‚
647 285 686 317 et
707 290 754 316 ex
778 273 887 315 illius
918 273 1074 315 invidis
1095 272 1362 315 edeonerare'
1383 266 1554 322 aliquid,
1590 273 1694 307 etlo

86 335 130 378 in
151 346 190 378 te
210 336 393 392 trajicere
428 335 600 390 eoeperit
619 335 631 374 ?
684 347 1011 374 commemorare
1045 328 1280 374 Quaestoris
1312 341 1408 368 cum
1451 327 1629 367 Praetore

84 393 431 435 necessitudinem
451 393 719 434 constitutam
738 393 750 432 ?
777 405 936 432 morem
953 390 1160 446 majorum
1179 389 1192 429 ?
1215 385 1332 428 sortis
1351 383 1623 441 religionem?

84 451 315 508 poteris-ne
334 451 422 507 ejus
443 449 642 491 orationis
659 461 672 476 α
689 448 826 490 subire
855 447 1054 489 invidiam
1072 449 1084 487 ?
1120 446 1231 487 Vide
1247 443 1389 494 modo,
1415 441 1540 483 etiam
1561 451 1624 481 at-

85 524 165 566 φφ
177 507 301 550 etiam
320 507 532 559 considera
552 523 562 558 ;
596 507 700 548 mihi
721 507 832 548 enim
853 505 1009 546 videtur
1025 503 1254 560 pericnlum
1270 502 1371 551 fore,
1387 515 1438 561 ne
1453 499 1522 541 ille
1540 513 1626 562 non

86 564 215 608 modo
240 566 372 608 verbis
391 576 428 607 te
446 566 603 607 obruat,
626 565 693 606 sed
711 579 826 621 gestu
850 564 955 618 ipsO‚
977 578 1022 602 ac
1045 570 1160 602 motu
1184 559 1365 615 corporis
1386 561 1394 581 ¹
1414 567 1627 614 praestrm-
1644 569 1692 603 15

85 634 156 681 gat
171 624 303 666 aciem
322 624 479 681 ingenii
500 623 576 674 tni,
592 633 709 678 teque
726 623 777 662 ab
794 620 994 662 institutis
1015 620 1112 669 tuis,
1131 616 1536 674 cogitationibusque
1551 613 1627 656 ab-

86 683 227 725 ducat.
287 683 430 739 Atque
452 682 623 738 hujusce
645 678 699 719 rei
714 678 923 735 judicium
941 678 1030 734 jam
1056 676 1259 717 continno
1280 675 1395 717 video
1424 673 1625 715 futurum.

145 741 254 782 XII.
288 740 332 782 Si
368 738 480 781 enim
514 737 618 778 mihi
651 737 774 777 hodie
797 737 1041 790 respondere
1064 735 1111 774 ad
1135 735 1227 774 haec
1248 748 1341 789 quae
1364 731 1458 773 dieo
1477 741 1623 787 potue-

88 797 169 840 ris:
203 798 236 840 si
256 805 271 822 ³
291 798 342 838 ab
363 790 592 845 isto'libro‚
629 810 753 851 quem
786 794 862 835 tibi
900 793 1094 849 magister
1125 791 1226 842 ludi,
1264 789 1405 831 nescio
1436 788 1546 845 quis,
1576 803 1627 829 ex

89 855 231 898 alienis
245 853 498 895 orationibus
521 851 804 907 compositum
825 851 952 902 dedit,
978 851 1100 892 verbo
1121 865 1205 890 uno
1227 845 1487 890 discesseris:
1533 861 1626 901 pos-
1669 871 1677 895 χ

89 923 205 965 sete,
237 920 279 953 et
312 912 370 953 illi
411 926 576 968 quoque
599 908 761 967 judicio
795 925 881 950 non
912 911 1065 959 deesse,
1099 917 1138 949 et
1166 922 1300 948 causae
1332 914 1454 961 atque
1488 903 1628 946 officio
1657 912 1755 939 21¹».
1795 925 1818 939 ν.
1852 925 1861 933 ·

88 981 159 1012 tuo
180 967 412 1012 satisfacere
433 969 677 1011 arbitrabor.
722 967 795 1009 Sin
819 982 986 1008 mecum
1010 966 1053 1008 in
1075 967 1156 1007 hfie
1179 963 1416 1021 prolusione
1433 961 1537 1004 nihil
1557 961 1624 1002 fu-
1663 974 1688 1008 5

87 1028 189 1071 eris:
222 1043 347 1085 quem
382 1038 421 1069 te
451 1028 494 1069 in
531 1026 622 1083 ips&
650 1027 790 1083 pugnii
813 1041 909 1066 cum
932 1025 1130 1066 acerrimo
1151 1021 1377 1065 adversario
1398 1022 1484 1063 fore
1505 1030 1625 1077 pute-

87 1086 209 1128 mus?
245 1087 370 1128 Esto:
404 1085 492 1142 ipse
509 1084 614 1126 nihil
632 1094 707 1136 est,
729 1083 835 1125 nihil
851 1093 982 1139 potest
999 1100 1026 1131 3„
1042 1094 1082 1124 at
1098 1082 1209 1123 venit
1225 1091 1389 1138 paratus
1404 1094 1502 1120 cum
1521 1078 1623 1120 sub-

87 1143 358 1201 scriptoribus
394 1143 622 1185 exercitatis
657 1152 697 1183 et
736 1141 910 1184 disertis.
973 1143 1048 1182 Est
1077 1150 1215 1181 tamen
1245 1140 1327 1180 hoc
1348 1136 1530 1194 aliquid:
1565 1145 1628 1178 ta-

87 1214 208 1244 metffl
225 1217 312 1244 non
328 1211 389 1243 est
406 1203 518 1243 satis.

88 1260 142 1301 do
169 1269 251 1311 est,v
275 1259 561 1302 ornatissimus
582 1269 622 1300 ct
644 1258 926 1314 paratissimus
948 1272 1034 1299 esse
1054 1256 1188 1298 debet.

580 1199 793 1244 Omnibus
811 1199 921 1241 enim
943 1199 1063 1240 rebus
1081 1197 1131 1248 is,
1147 1199 1218 1254 qui
1236 1197 1426 1253 princeps
1440 1211 1483 1237 m
1503 1210 1626 1251 agen-

1250 1256 1556 1297 Verumtamen
1574 1254 1624 1294 L.
1639 1264 1691 1300 10

74 1317 318 1374 ‘Apuleium
353 1333 442 1360 esse
473 1317 590 1359 video
627 1316 872 1373 proximum
898 1314 1235 1371 sub-scriptorem,
1271 1311 1490 1354 hominem
1540 1325 1629 1352 non

88 1385 224 1427 aetate,
247 1377 316 1418 sed
337 1391 416 1417 usu
444 1374 612 1427 forensi,
646 1386 768 1431 atque
799 1373 1088 1415 exercitatione
1111 1383 1316 1421 tvi-onem.

1377 1369 1559 1421 Deinde,
1583 1378 1629 1410 ut

89 1433 252 1490 opinor,
268 1434 394 1476 habet
412 1434 623 1476 Allienum
647 1449 655 1475 t
691 1434 803 1474 hunc
819 1442 955 1473 tamen
979 1434 1003 1473 ῑι
1025 1423 1229 1472 subselliis
1249 1447 1256 1476 ς
1291 1427 1478 1486 quiquid
1500 1427 1542 1468 in
1559 1427 1626 1468 di-

91 1492 222 1533 cendo
243 1501 396 1548 posset,
418 1507 632 1547 nunquam
656 1490 752 1532 satis
774 1490 952 1532 attendi:
990 1489 1034 1531 in
1067 1489 1286 1534 clamando
1308 1486 1488 1544 ¹quidem
1508 1485 1628 1527 video

88 1564 185 1591 eum
217 1564 307 1591 esse
337 1549 442 1591 bene
475 1549 708 1599 robustum,
732 1559 854 1604 atque
886 1548 1172 1596 exercitatum.
1235 1547 1287 1587 In
1324 1546 1404 1587 hoc
1431 1559 1523 1600 spes
1543 1553 1689 1588 tuae15

90 1617 186 1649 sunt
206 1622 374 1649 omnes:
417 1606 502 1659 hic,
527 1606 560 1648 si
580 1617 626 1648 tu
641 1606 718 1647 eris
741 1616 853 1649 actor
874 1605 1138 1655 constitutus,
1160 1602 1519 1660 totumjudicium
1538 1617 1639 1644 sus-.

89 1664 253 1707 tinebit.

313 1666 382 1706 Ac
404 1680 457 1706 ne
478 1665 510 1706 is
534 1664 701 1720 quidem
725 1673 886 1705 tantum
910 1664 1132 1705 contendet
1152 1662 1193 1704 in
1210 1661 1402 1713 dicendo,
1422 1671 1629 1717 quantum

86 1731 247 1778 potest:
283 1722 351 1764 sed
383 1722 571 1764 consulet
604 1721 713 1763 laudi
746 1731 784 1762 et
821 1721 1120 1763 existimationi
1150 1731 1250 1771 tuae,
1287 1733 1327 1762 et
1357 1735 1405 1761 ex
1437 1735 1485 1760 eo
1513 1718 1625 1775 quod

87 1780 173 1837 ipse
208 1789 342 1838 potest
372 1779 417 1823 in
450 1780 642 1832 dicendo,
676 1780 934 1836 aliquantum
969 1778 1163 1832 remittet,
1197 1789 1246 1820 ut
1273 1787 1318 1820 tu
1347 1777 1515 1819 tandem
1545 1775 1622 1818 ali-

219 1891 236 1916 d
249 1887 392 1943 emperit
413 1892 613 1930 diminuere
630 1891 785 1944 aliquid,
803 1901 837 1929 et
857 1894 894 1929 in
914 1900 948 1928 te
968 1891 1152 1929 deducere.

804 1951 819 1968 ὃ
833 1945 878 1982 ab
898 1944 967 1982 istd
988 1947 1149 1982 oratione
1168 1944 1391 1996 composita.

324 1943 340 1968 f
350 1946 560 1990 obtenebret,

133 2055 184 2085 12.
210 2053 332 2085 Morem
347 2052 519 2093 majorum]
562 2053 710 2095 NIzrjores
745 2059 834 2084 veta-

88 2096 169 2132 bant
183 2098 203 2130 ἐι
217 2100 387 2142 Qaestore
406 2100 583 2130 Praetorem
600 2097 752 2129 accusari.

133 2143 179 2175 lb.
202 2144 302 2175 Sortis
324 2143 522 2184 religionem]
572 2143 704 2185 Religio
741 2142 837 2174 sortis

88 2187 287 2220 tanctissima
301 2199 367 2219 esse
384 2188 534 2226 debebat,
549 2187 625 2230 quia
638 2195 723 2219 sorte
739 2187 837 2219 duce-

87 2233 206 2265 bantur
221 2232 440 2275 magistratus.

135 2278 186 2308 15.
211 2278 306 2309 Gestu
321 2288 356 2308 ac
366 2277 471 2317 mom]
498 2278 547 2309 lta
562 2276 675 2308 laudat
691 2277 836 2308 Horten-

87 2321 182 2360 sium,
199 2329 236 2354 ut
252 2329 376 2365 pungat
393 2322 509 2353 etiam:
536 2322 625 2364 cujus
640 2329 750 2363 gestus
764 2321 837 2364 plus

87 2365 228 2398 habebat
244 2366 334 2404 artis,
349 2366 448 2409 quam
465 2375 534 2398 erat
548 2366 623 2398 satis
636 2366 780 2397 Oratori.

131 2412 164 2442 2.
187 2412 255 2443 Isto
273 2411 374 2452 libro.]
431 2411 612 2443 Continens
643 2410 752 2453 posuit
776 2421 836 2453 pro

89 2454 349 2495 contento‚liber
365 2456 453 2488 enim
469 2456 616 2488 continet
632 2454 720 2497 quod
736 2455 836 2498 scrip-

90 2506 160 2531 tum
177 2508 235 2532 est.

131 2544 217 2576 ibid.
239 2544 398 2586 Magister
424 2544 513 2584 luda]
572 2543 836 2586 Ludi-magister

88 2587 208 2620 dicitur
233 2589 291 2631 qui
316 2590 438 2631 primas
461 2589 570 2621 literas
592 2590 699 2621 docet.
745 2591 836 2631 Ergo

88 2632 236 2673 libellum
274 2633 416 2675 aliquem
457 2633 640 2665 obsoletum
677 2632 839 2676 significat

88 2677 232 2709 attulisse
249 2678 431 2717 Caecilium,
445 2679 531 2710 unde
548 2677 712 2721 Magister
735 2678 839 2710 dicta-

87 2729 122 2753 ta
142 2721 252 2765 pueris
277 2732 470 2764 argumenta
489 2723 636 2767 praebere
658 2722 770 2754 solitus
787 2734 835 2754 es-

88 2774 148 2798 set.

131 2813 162 2843 5.
188 2810 230 2842 In
245 2808 299 2841 lutt-
309 2810 505 2852 prolusione.]
535 2812 665 2854 Nempe
690 2811 731 2844 de
757 2822 835 2843 con-

87 2855 251 2893 stituendo
267 2854 380 2886 Verris
394 2862 591 2888 accusatore.

131 2901 163 2932 7.
189 2899 261 2933 Cum
279 2899 552 2943 subscriptoribus-‚J
594 2899 837 2945 Subscriptores

1286 1896 1301 1913 e
1312 1891 1497 1928 sustinere.

880 2059 983 2090 erant,
998 2051 1052 2094 qui
1063 2051 1240 2084 accusatori
1253 2049 1506 2084 subscribebant.
1540 2048 1626 2082 Nui-

881 2097 903 2129 li
920 2105 1028 2128 autem
1045 2096 1092 2128 fas
1112 2106 1181 2128 erat
1197 2097 1408 2135 subscribere,
1422 2095 1483 2126 nisi
1496 2095 1630 2138 'accepta

882 2141 1070 2184 &judicibus
1085 2150 1256 2184 potestate.

925 2188 955 2217 9.
980 2187 1042 2219 2111·
1062 2187 1225 2228 princeps]
1267 2186 1307 2218 Id
1337 2192 1396 2223 est,
1425 2183 1480 2226 qui
1506 2182 1628 2226 primas

881 2231 961 2273 egit,
979 2239 1011 2263 et
1027 2232 1083 2273 qui
1108 2239 1274 2263 accusator
1299 2231 1406 2262 dictus
1432 2237 1489 2260 est.
1536 2228 1629 2271 Qa-

880 2284 957 2307 tuor
967 2284 1076 2307 autem
1091 2275 1182 2308 fuere
1197 2283 1234 2308 ut
1250 2272 1440 2318 plurimum.

928 2322 978 2352 ll.
1004 2321 1184 2361 Apuleium]
1221 2320 1385 2362 Apuleius
1405 2316 1546 2350 secundo
1557 2314 1630 2347 loco

881 2373 1047 2396 accusator
1063 2373 1121 2403 est,
1139 2376 1234 2397 senex
1250 2365 1304 2397 ille
1325 2363 1471 2408 quidem,
1492 2360 1547 2393 sed
1567 2359 1630 2392 im-

880 2410 1003 2453 peritus
1028 2411 1158 2441 Orator.

930 2455 976 2485 13.
1001 2455 1172 2495 Allienum]
1199 2453 1351 2485 Allienus
1367 2449 1546 2484 minoribus
1557 2456 1630 2480 tan-

882 2497 951 2530 tum
965 2499 1096 2542 judiciis
1111 2498 1271 2530 interfuit.
1317 2499 1404 2530 Nam
1428 2503 1508 2528 teste
1533 2495 1629 2526 Non-

879 2544 946 2582 nio,
965 2543 1115 2575 subsellia
1130 2552 1204 2575 sunt
1220 2542 1455 2579 Tribunorum‚
1472 2541 1631 2583 'Qaest0·

881 2600 967 2625 rum,
982 2597 1014 2620 et
1034 2588 1200 2620 minorum
1226 2587 1391 2630 Judicum-
1419 2585 1476 2628 qui
1505 2595 1571 2616 non
1595 2581 1630 2613 in

882 2633 967 2665 sellis
994 2633 1171 2670 curulibus,
1209 2633 1263 2664 sed
1301 2630 1458 2663 subselliis
1483 2627 1632 2661 conside-

882 2677 973 2709 bant.
1640 2681 1644 2684 '

928 2723 976 2753 14.
1001 2723 1041 2753 In
1051 2720 1236 2760 clamando]
1263 2719 1416 2751 Habebat
1427 2718 1482 2751 ille
1494 2718 1629 2761 quiclem

880 2775 1042 2806 naturam,
1071 2766 1127 2797 sed
1151 2777 1214 2796 non
1252 2764 1456 2804 facultatem,
1481 2764 1630 2807 adeoque

881 2819 952 2844 erat
968 2811 1138 2848 imperitus
1151 2812 1284 2841 Orator.
1610 2813 1613 2815 ’

929 2856 977 2886 19.
1000 2855 1164 2895 Hemithea]
1193 2854 1374 2886 Remittere
1390 2860 1438 2885 est
1453 2863 1518 2886 non
1533 2862 1630 2897 agere

881 2903 916 2934 ei
934 2899 1115 2942 diligentia,
1130 2907 1160 2932 et
1178 2899 1297 2939 studio,
1315 2909 1380 2940 quo
1396 2909 1455 2942 par
1471 2905 1528 2932 est.

1531 2939 1629 2998 quid

1628 159 1703 198 w·
