1872 3135
433 111 670 157 ORATIO<
692 111 774 154 111.
806 111 876 156 IN
906 112 960 155 L.
994 103 1364 158 CATILINAM.

109 228 288 272 turcium
309 228 396 271 sine
419 227 552 271 Gallis
572 244 582 269 ε
617 225 738 269 fidem
762 226 799 268 ei
819 226 1028 292 publicam
1043 228 1164 286 jussu
1186 229 1361 272 senatos
1383 228 1500 273 dedi:
1534 231 1633 274 hor·
1655 237 1711 276 60

107 295 216 328 tatus
235 301 345 338 sum,
362 296 408 329 ut
427 302 472 328 ea
494 301 589 344 quae
609 285 727 327 sciret
745 286 831 326 sine
848 286 994 328 timore
1013 285 1225 329 mdicaret.

1285 287 1395 329 Tum
1419 287 1487 330 ille
1515 289 1634 343 dixit,

107 346 207 385 curn
229 343 295 386 vix
327 359 368 386 se
388 358 436 386 ex
455 359 608 401 magno
629 343 775 385 timore
797 345 1029 396 recreasset,
1053 345 1076 385 a
1096 346 1137 385 P.
1160 344 1338 386 Lentulo
1359 360 1400 387 se
1417 347 1565 389 habere
1584 350 1634 390 ad

106 400 334 444 Catilinam
370 400 563 444 mandata
593 411 631 443 et
662 401 813 452 literas,
845 412 890 444 ut
930 416 1136 444 servorum
1169 401 1360 458 praesidio
1382 414 1574 458 uteretur,
1594 416 1635 449 et

107 458 157 501 ad
186 460 330 501 urbem
373 459 686 517 quamprimum
727 474 823 500 cum
857 459 1035 501 exercitu
1074 460 1311 502 accederet:
1345 459 1384 502 id
1414 472 1550 504 autem
1583 478 1634 505 eo

106 515 297 568 consilio,
335 527 395 569 ut,
428 520 526 558 cuni
561 516 703 558 urbem
736 516 931 558 omnibus
968 531 1016 558 ex
1049 517 1247 572 partibus,
1277 519 1632 574 quemadmodum
1653 525 1705 564 65

104 573 122 598 ¹¹
141 573 394 630 descriptum
414 574 764 631 distributumque
786 586 883 624 erat,
907 574 1200 624 incendissent,
1220 576 1461 634 caedemque
1489 578 1633 621 infini.

103 637 188 673 tam
218 631 371 674 civium
408 632 613 683 fecissent,
647 634 798 687 praesto
832 642 935 672 esset
967 629 1048 681 ille,
1089 630 1159 687 qui
1191 642 1230 673 et
1265 631 1466 690 fugientes
1489 635 1496 661 ί
1517 636 1630 679 exci÷

106 699 233 745 peret,
266 699 306 731 et
337 705 378 731 <e
417 704 514 731 cum
545 688 610 730 his
645 688 812 730 urbanis
841 687 1019 728 ducibus
1055 689 1338 744 coniungeret.

1402 693 1633 738 introducti

103 756 242 788 autem
280 747 392 790 Galli
415 745 708 804 jusjurandum
746 744 820 786 sibi
854 755 892 787 et
928 745 1061 786 literas
1089 747 1114 786 ὲ
1138 746 1182 786 l’.
1206 747 1401 799 Lentulo,
1427 750 1630 809 CethegO,

103 803 267 847 Statilio
315 805 363 846 ad
414 818 530 846 suam
571 812 737 861 gentem
760 803 882 844 datas
912 817 998 843 esse
1028 802 1247 844 dixerunt:
1300 814 1421 862 atque
1464 806 1520 850 ita
1555 810 1633 852 sibi
1653 817 1706 858 70

102 861 154 904 ab
178 861 242 903 his
261 871 303 903 et
321 863 345 903 51
367 862 418 902 L.
442 860 588 903 Cassio
621 875 707 902 esse
746 860 1049 916 praescriptum,
1085 869 1127 902 ut
1146 860 1377 917 equitatum
1401 863 1444 905 in
1470 866 1633 911 ltaliam

104 918 417 976 quamprimum
468 918 693 969 mitterent,
732 919 933 975 pedestres
978 917 1056 960 sibi
1102 919 1242 974 copias
1277 935 1360 961 non
1397 921 1631 969 defuturas:

104 975 334 1019 Lentulum
366 985 504 1018 autem
539 975 622 1018 sibi
653 976 921 1018 confirmasse
956 991 1002 1017 ex
1036 974 1128 1017 fatis
1174 976 1388 1031 Sibyllinis
1442 980 1634 1038 haruspi-

103 1049 284 1091 cumque
305 1033 526 1090 responsis,
559 1049 601 1075 se
630 1049 717 1076 esse
751 1033 919 1076 tertium
953 1032 1071 1075 illum
1104 1033 1365 1087 Cornelium,
1407 1038 1455 1079 ad
1506 1055 1631 1096 quem

101 1107 277 1156 regnum
325 1092 439 1134 urbis
487 1092 612 1150 hujus
655 1103 776 1149 atque
807 1091 1030 1148 imperium
1067 1092 1275 1147 pervenire
1310 1103 1419 1136 esset
1451 1111 1629 1142 necesse.
1651 1104 1704 1146 75

104 1150 290 1193 Cinnam
315 1162 410 1192 ante
440 1165 498 1202 se,
529 1162 569 1192 et
604 1149 762 1206 Syllam
793 1149 943 1191 fuisse:
977 1150 1238 1206 eundemque
1266 1150 1431 1203 dixisse,
1469 1152 1634 1198 fatalem

101 1208 217 1249 hunc
237 1222 323 1250 esse
343 1223 503 1250 annum
525 1208 573 1250 ad
596 1207 808 1250 interitum
832 1209 954 1264 hujus
971 1206 1083 1249 urbis
1099 1217 1222 1265 atque
1240 1207 1415 1262 imperii,
1435 1211 1504 1267 qui
1527 1223 1634 1257 esset

101 1264 290 1308 decimus
320 1281 457 1308 annus
477 1275 570 1322 post
589 1265 795 1324 virginum
818 1264 1139 1316 absolutionem,
1163 1275 1255 1321 post
1273 1266 1471 1323 Capitolii
1492 1279 1632 1313 autem

99 1322 385 1366 incensionem
421 1323 670 1376 vicesimus3
705 1325 812 1366 hanc
843 1334 981 1365 autem
1004 1324 1192 1380 Cethego
1211 1339 1309 1365 cum
1342 1326 1501 1368 caeteris
1528 1343 1631 1370 con..

102 1380 341 1426 troversia-m
374 1381 501 1425 fuisse
519 1382 726 1432 dixerunt,
759 1382 887 1440 quod,
911 1384 1010 1423 cum
1033 1380 1212 1423 Lentulo
1231 1391 1270 1424 et
1291 1382 1465 1437 caeteris,
1487 1386 1630 1431 Satur·
1650 1393 1706 1430 80

311 1497 330 1522 ¹¹
335 1500 511 1549 partitum
524 1508 555 1537 et
567 1499 734 1537 divisum.

145 1691 198 1718 60.
217 1686 318 1718 Fidem
340 1685 517 1730 publicam]
542 1686 578 1718 Id
592 1694 651 1724 est,
666 1685 843 1728 impunita-

97 1739 166 1764 tem
181 1742 220 1763 ex
236 1731 297 1764 fide
315 1731 443 1775 publica
459 1731 622 1774 pollicitus
642 1740 690 1762 est
706 1730 843 1761 Vultur-

99 1776 169 1814 cio:
193 1786 270 1808 nam
283 1776 351 1808 sine
368 1777 559 1809 auctoritate
581 1777 726 1813 senatos,
742 1775 843 1807 etiam

101 1815 122 1852 Ξ
138 1820 279 1853 Consule
295 1821 368 1853 data
382 1832 446 1853 non
463 1820 604 1852 valebat.

142 1865 196 1896 63.
206 1865 390 1909 Mandata]
404 1865 588 1898 Vulturcius
600 1863 739 1896 habebat
754 1873 846 1895 man-

100 1908 188 1946 data,
203 1921 275 1952 quae
289 1914 305 1942 εἰ
325 1911 364 1942 Ρ.
387 1910 529 1942 Lentulo
551 1920 606 1941 ore
629 1908 789 1953 proferret
805 1909 846 1941 ad

101 1953 289 1986 Catilinam.
659 1976 663 1982 ·

144 1997 196 2028 68.
222 1998 379 2039 Ducibus]
400 1998 606 2041 eonjuratos‚
634 1997 691 2040 qui
719 1997 750 2029 in
767 1997 846 2030 urbe

100 2040 205 2074 relicti
231 2042 360 2076 fuerant
383 2042 402 2076 εἰ
424 2043 564 2076 Catillus
586 2043 682 2076 duces
708 2042 848 2075 urbanos

100 2086 257 2119 nominat.

145 2130 191 2163 lb.
208 2132 378 2164 Introduc-ti
393 2131 500 2171 Galli]
518 2130 647 2164 Profert
660 2132 728 2175 jam
744 2131 845 2163 Allo—

100 2175 241 2219 brogum
266 2176 437 2216 indicium,
462 2177 551 2220 quod
576 2176 656 2209 actis
670 2185 703 2209 et
718 2177 845 2220 scriptis

100 2219 245 2263 primum
261 2221 404 2263 exponit.

144 2266 196 2296 73.
212 2265 266 2297 Ex
279 2267 359 2305 falls
372 2265 548 2307 Sibyllinis.]
578 2267 656 2298 Fata
686 2264 844 2308 Sibyllina

99 2308 252 2341 vaticinia
272 2317 348 2342 sunt
365 2309 574 2351 Sibyllarum,
589 2321 672 2353 quae,
686 2310 762 2352 quia
776 2310 843 2342 fata

99 2353 387 2396 comprehendunt,
398 2353 474 2392 fata,
484 2362 516 2387 ct
531 2365 634 2394 casus,
648 2362 680 2388 et
693 2354 844 2387 interitus

97 2395 211 2430 fatales
220 2398 320 2441 vulgo
334 2398 542 2431 vocabantur.

144 2440 191 2473 lb.
212 2441 640 2485 Hampicumquerespomae's]
661 2443 843 2486 Haruspex,

99 2494 156 2517 seu
173 2487 334 2530 Atuspex,
349 2487 424 2519 hinc
448 2488 512 2520 dici
539 2496 683 2530 putatur,
709 2489 783 2530 quia
810 2489 844 2520 in

99 2531 152 2560 ara
169 2537 241 2561 exta
255 2531 444 2563 animalium
458 2532 599 2575 inspicit.
644 2532 754 2564 Aliter
769 2543 843 2564 cen·

99 2581 148 2606 set
168 2574 328 2612 Donatus,
355 2576 444 2618 quod
471 2585 587 2620 nempe
614 2576 776 2618 Haruspex·
805 2576 842 2607 ab

98 2616 217 2659 karugci
246 2619 420 2650 nominatur
428 2632 442 2658 ;
482 2632 552 2653 nam
577 2621 706 2662 Harttga
731 2621 843 2652 dicitur

98 2662 197 2693 hostia
212 2663 248 2693 ab
260 2661 345 2702 lumi,
359 2664 390 2694 in
399 2661 457 2704 quii
468 2665 654 2696 concluditur
663 2670 690 2696 et
699 2671 843 2696 servatur.

99 2706 191 2738 Hafa
205 2712 304 2738 autem
318 2713 372 2746 est,
385 2709 417 2738 in
431 2707 488 2749 qu&
495 2717 602 2750 pecora
620 2709 824 2740 includuntur.

141 2752 196 2782 74.
214 2752 346 2783 Tertium
360 2752 552 2792 Corneliurm]
568 2753 706 2786 Dicebat
720 2755 843 2786 Lentu-

97 2791 148 2827 lus
161 2806 200 2827 ex
215 2793 306 2828 libris
318 2795 482 2838 Sibyllinis
493 2797 625 2829 tertium
637 2809 668 2829 se
684 2808 748 2830 esse
762 2800 843 2830 Cor-

90 2838 218 2873 natium
230 2840 281 2873 cui
294 2851 432 2883 regnum
443 2842 707 2884 portendebatur.
734 2843 843 2885 Scrip-

943 1495 955 1521 i
974 1498 1146 1548 reciperet
1156 1504 1195 1536 et
1210 1498 1417 1539 occideret.

888 1694 960 1718 tum
976 1685 1063 1718 enim
1074 1693 1142 1718 crat
1158 1686 1191 1718 in
1202 1685 1264 1719 illis
1280 1687 1486 1728 carminibus,
1507 1688 1570 1722 tria
1585 1692 1630 1725 K.

889 1732 931 1762 K.
949 1732 991 1762 K.
1018 1732 1170 1774 pessima;
1194 1733 1283 1774 quod
1313 1734 1418 1766 Graeci
1441 1734 1482 1766 ad
1505 1736 1634 1779 Cappa·

887 1777 993 1812 doces,
1023 1776 1151 1814 Cilices,
1177 1784 1209 1807 et
1241 1778 1409 1810 Cretenses
1431 1779 1634 1821 referebant3

889 1819 1031 1851 Romani
1046 1821 1125 1851 vero
1149 1820 1189 1852 ad
1205 1829 1269 1853 tres
1285 1821 1463 1862 Cornelios,
1481 1824 1634 1865 Cinnam,

891 1864 1026 1907 Syllam,
1037 1873 1069 1896 et
1085 1864 1272 1897 Lentulum.

932 1910 983 1939 ¹76.
1008 1910 1144 1940 fatalem
1169 1910 1275 1951 kann]
1306 1911 1354 1943 Ut
1384 1911 1450 1954 ipse
1476 1913 1634 1956 accepisse

890 1964 921 1984 se
938 1953 1064 1985 dicebat
1078 1953 1117 1985 ab
1136 1954 1380 1997 Haruspicibus,
1397 1956 1483 1988 hunc
1498 1956 1632 1990 fatalem

892 2008 1011 2030 annum
1040 1998 1217 2039 advenisse,
1233 1999 1288 2043 qui
1311 2009 1461 2033 cruentus
1490 2000 1633 2046 Reipub.

892 2042 1155 2086 portendebatur.

937 2090 990 2121 78.
1009 2088 1082 2118 Post
1104 2087 1254 2128 virginum
1279 2088 1518 2134 absolutionem]
1535 2090 1634 2124 Fabia

887 2129 1023 2164 Vestalis
1036 2132 1131 2174 virgo
1147 2142 1211 2164 non
1224 2131 1330 2164 multo
1340 2141 1414 2167 ante
1425 2133 1508 2167 hanc
1519 2137 1634 2178 conju·

887 2177 1047 2216 rationem
1063 2175 1176 2209 incesti
1192 2187 1318 2209 causam
1329 2178 1428 2211 dixit:
1447 2179 1477 2210 ei
1491 2180 1633 2212 Catil-ina

888 2220 1034 2263 objectus
1049 2230 1105 2253 est.
1152 2221 1225 2253 Fuit
1242 2230 1350 2254 autem
1373 2222 1530 2262 absoluta,
1555 2224 1632 2267 quia

889 2276 978 2297 soror
993 2275 1060 2297 erat
1086 2265 1247 2297 Terentiae
1275 2266 1443 2300 Ciceronis
1456 2267 1578 2308 uxoris,
1592 2276 1631 2302 ut

887 2309 997 2342 scribit
1014 2310 1182 2342 Asconius.
1369 2345 1371 2347 ,

931 2354 978 2386 1b.
1006 2355 1145 2395 Capitalia·
1170 2353 1394 2399 incensionem]
1417 2356 1457 2388 L.
1482 2355 1634 2398 scipione

887 2406 920 2431 et
937 2399 973 2431 C.
993 2399 1146 2431 Narbone
1162 2401 1252 2432 Coss.
1269 2401 1437 2432 custodum
1463 2401 1633 2443 negligen-

888 2443 933 2474 tia
958 2443 1158 2485 Capitolium
1181 2444 1406 2486 conflagravit,
1431 2444 1526 2486 paul>
1553 2452 1630 2477 ante

890 2487 984 2529 syllae
1000 2495 1160 2530 tempora,
1174 2489 1261 2530 quod
1277 2492 1294 2519 a
1312 2488 1490 2532 QCatulo
1508 2493 1632 2530 postea,

890 2532 1067 2564 Hortensio
1095 2540 1127 2565 et
1158 2532 1301 2564 Metello
1325 2536 1419 2565 Coss.
1442 2533 1632 2566 restitutum

887 2584 946 2608 est.

931 2624 984 2651 80.
1001 2618 1239 2662 Saturnalibus.]
1250 2619 1347 2653 Diem
1364 2620 1635 2661 Saturnaliorum.

888 2665 945 2708 qui
961 2665 993 2696 in
1010 2665 1097 2697 diem
1121 2665 1282 2696 decimum
1297 2674 1448 2706 quartum
1465 2666 1632 2699 Februarii

894 2709 1065 2747 incidebat,
1100 2708 1234 2751 seligere
1258 2709 1421 2748 volebant,
1445 2709 1486 2741 ad
1511 2712 1631 2743 caedem

887 2752 1087 2791 faciendam3
1123 2763 1188 2795 quo
1222 2759 1368 2796 tempore
1405 2761 1475 2785 tota
1518 2754 1633 2788 civitas

888 2799 978 2830 omni
987 2797 1099 2842 generi
1112 2796 1233 2830 laetitiae
1243 2805 1276 2829 et
1290 2796 1512 2843 voluptatibus
1526 2800 1635 2832 dedita

888 2850 969 2876 erat.

958 2899 985 2928 L
1005 2893 1030 2928 2
1471 2885 1638 2929 nalibus

1630 119 1706 168 117
